3376 5070
826 135 869 194 44

178 400 280 479 thuo
302 399 415 461 harum
432 400 571 462 omnium
586 420 656 462 earn
669 400 879 464 conditionem
899 398 1001 476 firisse,
1024 406 1060 461 ut
1080 418 1284 478 quaecunque
1306 403 1379 479 post
1393 395 1520 460 Iunirnn

175 538 314 580 mensem
343 516 417 579 anni
443 520 502 578 710
528 538 548 579 1
571 516 717 581 Cicerone
746 526 778 582 et
805 519 965 581 dabantur
984 524 1016 580 et
1037 515 1283 598 accipiebantur,
1314 516 1424 579 eodem
1455 515 1519 579 fere

178 655 305 698 nunrero
332 641 429 714 atque
457 634 565 698 ordine
587 637 619 697 in
641 636 800 699 volumina
820 638 1043 718 reciperentur,
1075 635 1226 716 exemplis
1248 634 1454 716 epistularum
1476 634 1519 697 ad

175 751 247 815 iam.
278 753 314 829 X,
342 751 395 830 XL
427 752 495 830 XII,
527 754 568 817 ad
596 753 638 815 M.
668 752 804 816 Brutum
831 754 880 832 IL!
905 753 920 815 Ι
949 755 1025 817 satis
1054 753 1251 834 comprobari
1280 773 1399 816 censeo.
1450 752 1519 815 Hac

175 870 296 932 ratione
315 870 412 932 etiam
435 871 629 952 intelligitur,
652 873 808 951 quomodo
829 872 897 936 lieri
920 873 1066 953 potuerit,
1088 879 1124 934 ut
1146 871 1355 953 epistularum
1378 870 1420 933 ad
1442 869 1518 932 Hir-

177 989 259 1050 tium
273 989 408 1051 totidem
423 989 495 1051 libri
515 989 608 1072 (Non.
627 1011 657 1071 p.
675 996 746 1052 1116.
763 997 781 1052 3
797 990 891 1054 affert
908 990 1026 1053 librum
1042 989 1173 1075 nonum)
1196 990 1322 1066 tuerint,
1344 996 1422 1068 quot
1443 1010 1517 1052 con-

176 1107 354 1169 iunctarum
383 1107 540 1171 Ciceronis
568 1107 722 1188 Brutique
751 1109 971 1191 epistularum,
1000 1129 1192 1188 quamquam
1222 1107 1329 1171 Cicero
1359 1128 1430 1170 cum
1463 1105 1517 1170 illo

177 1246 237 1287 non
265 1232 339 1288 ante
367 1247 485 1289 annum
510 1231 568 1288 708
591 1224 804 1289 familiaritate
827 1228 1011 1290 coniunctus
1034 1224 1298 1302 11111111111111111·,1
1335 1232 1431 1305 atque
1454 1227 1517 1288 iam

175 1349 308 1406 excunte
337 1342 549 1407 11111111Μ111
579 1345 652 1407 anni
682 1349 738 1407 711
765 1344 869 1408 Hirtio
891 1352 1016 1408 mortuo
1039 1344 1219 1407 litterarum
1239 1344 1424 1407 commercio
1445 1343 1517 1406 linis

175 1462 339 1542 impositus
361 1468 418 1525 est.
462 1460 509 1525 Ne
530 1461 633 1526 Pausa
662 1463 790 1542 quidem
818 1471 891 1526 ante
913 1485 1031 1526 annum
1058 1467 1116 1524 768
1139 1483 1211 1525 cunr
1233 1461 1380 1526 Cicerone
1401 1462 1518 1525 litteris

174 1581 272 1660 egisse
293 1579 444 1655 1111111111,2
469 1600 551 1643 auno
575 1585 634 1642 711)
657 1580 843 1662 plerumque
865 1603 928 1645 una
949 1589 1018 1645 erat
1034 1580 1157 1657 Romae,
1180 1580 1264 1643 unde
1285 1580 1394 1644 consul
1414 1578 1517 1644 factus

176 1718 236 1760 non
262 1705 335 1761 ante
362 1697 501 1760 medium
529 1719 667 1761 mensem
688 1697 839 1761 Martium
860 1721 888 1762 a.
914 1704 967 1762 711
996 1699 1167 1762 discessitl
1216 1698 1388 1762 Defunctus
1410 1705 1517 1762 autem

173 1823 221 1878 est
243 1837 349 1879 mense
370 1817 422 1878 vix
445 1822 571 1897 peracto
595 1821 635 1894 (a.
652 1816 682 1879 d.
700 1816 752 1879 IV.
769 1817 839 1880 Kal.
856 1817 943 1895 Mai.)
967 1818 1094 1880 vulnere
1117 1817 1203 1898 apud
1220 1816 1337 1880 Forum
1353 1816 1517 1881 Gallorum

173 1941 310 2016 accepto.
350 1933 462 2014 Itaque
489 1955 587 2015 quum
615 1934 695 1997 liber
722 1934 778 1997 III.
808 1937 849 1999 od
878 1935 1015 1999 Pansam
1049 1934 1140 2013 (Non.
1169 1956 1240 2017 pag.
1270 1940 1320 1998 92.
1350 1941 1402 2014 21)
1431 1956 1516 1999 com-

173 2059 371 2129 memoretur,
391 2053 491 2115 multo
513 2053 619 2134 plures
641 2053 735 2115 tirisse
756 2073 819 2115 non
839 2054 992 2116 existimo.

277 2170 343 2234 Iam
367 2192 447 2247 vero,
475 2193 580 2251 quurn,
605 2193 669 2251 qua
690 2172 811 2234 ratione
834 2173 953 2252 priores
976 2171 1090 2235 horum
1111 2193 1280 2253 corporum
1302 2178 1408 2253 partos
1431 2192 1516 2235 com-

173 2295 303 2370 paratae
324 2289 449 2366 fucrrnt,
478 2289 609 2352 dubium
632 2311 697 2352 esse
722 2290 828 2369 possit,
857 2310 955 2351 unum
975 2289 1035 2354 hoc
1057 2297 1143 2354 certo
1160 2290 1275 2354 iudicio
1296 2310 1411 2370 negare
1432 2289 1515 2367 licet,

173 2407 341 2489 dispositas
370 2429 436 2470 esse
466 2409 561 2470 otiam
581 2406 695 2470 harum
717 2407 869 2489 epistulas
888 2428 924 2470 eo
947 2408 1055 2471 ordine
1078 2416 1215 2486 servato,
1243 2429 1305 2488 qno
1327 2430 1347 2471 a
1368 2407 1516 2472 Cicerone

173 2525 265 2588 datae
293 2531 325 2588 et
354 2532 501 2606 acceptae
529 2533 641 2588 essent.
687 2524 748 2588 Sed
779 2527 927 2605 quoniam
949 2526 1050 2589 altera
1074 2549 1112 2590 ox
1134 2534 1225 2608 parte
1247 2527 1400 2608 epistulae
1421 2526 1513 2589 Bruti

169 2644 213 2705 ad
236 2642 416 2706 Ciceronem
438 2643 564 2722 quidem
589 2642 699 2721 (Prisc.
721 2640 774 2717 IX,
800 2647 826 2704 7.
846 2647 895 2720 38,
916 2643 1048 2720 Quintil.¹
1068 2643 1121 2720 IX,
1145 2649 1240 2722 171,
1264 2643 1429 2708 Τ11.(1111.
1454 2648 1512 2723 18),

174 2782 334 2840 nunquam
355 2782 428 2824 vero
448 2760 562 2824 harum
583 2761 664 2825 liber
684 2760 798 2840 aliquis
819 2761 860 2823 ab
882 2763 1021 2842 antiquis
1042 2762 1249 2844 script-oribus
1271 2763 1411 2841 affertur,
1435 2784 1514 2843 quo-

172 2879 338 2943 dammodo
366 2881 463 2942 etiam
491 2880 554 2943 hae
582 2879 734 2961 epistulae
767 2900 838 2941 cunr
861 2877 1017 2943 Ciceronis
1048 2881 1191 2962 epistulis
1219 2882 1251 2943 in
1273 2881 1431 2962 prioribus
1452 2880 1515 2944 illis

173 2996 260 3059 libris
283 2998 447 3079 copulatae
469 2998 564 3060 fuisse
585 2996 745 3078 putandae
767 3004 850 3059 sunt.

276 3115 418 3196 Denique
441 3115 648 3198 opletularum
669 3117 708 3177 od
736 3118 833 3198 [11111111
855 3113 936 3176 liber
957 3113 981 3175 I.
1007 3113 1123 3200 (Prisc.
1146 3137 1175 3196 p.
1199 3119 1278 3194 4283
1313 3121 1384 3179 498.
1407 3114 1461 3201 X.)
1501 3123 1515 3180 t

172 3232 251 3294 liber·
273 3231 312 3294 II.
343 3233 440 3311 (Non.
465 3254 534 3314 pag.
562 3238 632 3295 eto.
662 3238 709 3311 17)
738 3239 1030 3295 commemorantur.
1074 3232 1135 3296 Hic
1156 3254 1239 3298 anuo
1262 3239 1322 3297 689
1345 3241 1440 3298 natus
1461 3236 1516 3313 (ad

173 3349 283 3426 1111,
308 3356 335 3412 ·2.
365 3357 392 3430 1)
417 3357 476 3413 7116
507 3352 538 3413 111
561 3351 688 3432 Pompei
717 3354 828 3413 castus
856 3350 1041 3413 versabatur
1067 3350 1120 3436 (de
1150 3350 1201 3414 off.
1224 3350 1263 3428 11,
1291 3357 1337 3414 13.
1361 3349 1429 3438 47),
1459 3352 1515 3415 sed

171 3489 252 3531 anno
277 3473 335 3529 716
359 3469 485 3533 domum
507 3469 688 3549 diligentius
711 3490 781 3533 curn
801 3477 892 3550 patre
913 3468 1028 3552 litteris
1052 3468 1321 3549 111111111131111,4
1347 3490 1409 3550 quo
1432 3491 1514 3534 anno

174 3585 304 3649 Athonis
335 3586 520 3669 Cratippum
551 3587 794 3668 Peripateticum
822 3586 980 3650 audiebat.
1035 3586 1210 3668 Ι11111111111
1240 3592 1331 3650 sunt:
1369 3588 1411 3651 ad
1439 3587 1513 3651 fam.

171 3702 252 3781 XVI,
276 3709 325 3766 91.
351 3709 389 3766 21
415 3706 457 3768 ad
479 3705 624 3769 Tironem
653 3705 760 3781 dabre,
789 3704 872 3767 unde
902 3703 1075 3783 colligimus
1098 3705 1193 3767 etiam
1214 3706 1366 3786 epistulas
1387 3705 1514 3769 eiusad

171 3829 294 3902 patrem
316 3823 415 3900 datas,
436 3824 496 3886 etsi
517 3823 670 3886 traditum
692 3829 829 3899 nonest,
850 3822 951 3885 editas
974 3820 1077 3885 fuisse.

276 3940 433 4004 Ciceronis
461 3940 612 4021 epistulas
638 3961 748 4021 graece
776 3942 909 4021 scriptas
941 3960 1033 4001 suum
1063 3961 1119 4021 per·
1148 3961 1180 4003 se
1203 3940 1348 4003 volumen
1376 3940 1514 4004 effecisse

172 4056 299 4121 Nakous
324 4056 419 4136 (Inst.
437 4060 505 4122 crit.
528 4079 598 4140 pag.
621 4058 819 4136 1611111111
844 4079 906 4121 11111
924 4058 990 4120 sine
1012 4057 1237 4138 probabilitate
1260 4059 1382 4122 statuit.
1418 4057 1514 4121 Prae·

170 4183 257 4239 terea
283 4176 385 4239 maius
414 4177 574 4257 quoddam
603 4176 811 4258 epistularum
843 4197 955 4257 corpus
984 4177 1156 4253 exstitisse,
1186 4176 1225 4240 de
1256 4198 1318 4257 quo
1345 4178 1514 4241 memoriae

227 4377 248 4445 Ι)
272 4376 305 4430 cf.
323 4378 360 4430 ad
377 4377 437 4429 Att.
454 4376 514 4442 XII,
532 4377 556 4430 2.
575 4378 600 4441 2,
619 4377 655 4429 ad
672 4376 736 4430 farn.
755 4376 801 4440 IX,
820 4377 844 4428 6.
866 4379 886 4430 l.
904 4377 976 4442 XVI,
996 4378 1018 4430 7.

224 4481 248 4548 ²)
269 4480 302 4533 cf.
320 4480 356 4532 ad
374 4479 437 4532 fam.
455 4479 501 4544 VI,
528 4481 570 4532 22.
589 4482 605 4532 ‘2
624 4483 653 4533 11
673 4482 703 4545 3;
730 4479 763 4531 de
788 4479 919 4546 proximis
944 4478 1126 4547 temporibus:
1157 4479 1250 4545 Orelli,
1269 4481 1408 4534 Onomast.
1428 4480 1514 4534 Tulli-

170 4581 253 4618 enum
271 4582 331 4633 pag.
350 4566 409 4619 646.
431 4595 463 4602 -
501 4563 525 4633 ⁸)
550 4564 583 4617 cf.
602 4564 733 4618 Schmidt.
751 4565 768 4618 l.
787 4582 808 4618 c.
827 4581 888 4632 pag.
906 4566 1032 4619 29-31.

224 4670 249 4737 ⁴)
274 4667 477 4734 1111111111,
497 4670 570 4734 1.·2;
594 4670 632 4721 11.
650 4670 680 4734 23
703 4670 742 4722 rs.
761 4669 789 4734 4;
811 4668 851 4721 11.
868 4669 899 4732 23
918 4669 960 4720 ao.
978 4669 1008 4732 43
1027 4667 1099 4732 xvi,
1119 4669 1158 4721 rs.
