3376 5070
824 121 863 183 17

171 409 252 470 quae
279 389 321 452 ab
345 388 451 452 Attico
480 387 650 451 sumendae
678 387 759 462 sint,
796 385 875 449 alias
903 406 967 449 non
994 385 1146 466 requirat.
1192 385 1238 449 Ao
1273 383 1516 466 profectoneque

171 509 247 572 satis
269 505 439 582 habuisset,
467 505 586 586 opinor,
615 503 816 585 septuaginta
838 502 990 584 epistulas
1017 502 1185 584 collegisse,
1211 523 1314 587 neque
1345 501 1404 566 hos
1424 503 1516 567 edere

171 625 368 701 instituisset,
399 644 498 704 quum
516 620 600 685 facili
623 640 719 701 opera
740 627 846 701 posset
866 627 1030 683 sexcentas
1051 640 1226 700 congerere,
1253 621 1314 684 nisi
1334 619 1413 684 haec
1431 628 1516 685 certo

174 742 299 806 cuidam
321 740 449 805 consilio
471 739 609 824 quodam
631 737 725 802 modo
747 736 974 803 satisfacerent.
1007 736 1075 801 Iam
1090 759 1164 803 vero
1182 759 1258 802 num
1273 738 1359 823 quod
1371 739 1513 803 volumen

175 867 279 942 potest
301 860 432 940 cogitari
456 859 489 923 in
511 857 597 937 quod
619 863 789 936 utrumque
811 854 871 918 hoo
893 855 1003 918 eodem
1023 856 1117 919 modo
1138 857 1239 934 cadat,
1261 876 1324 936 quo
1346 857 1379 919 in
1400 856 1514 921 librum

173 976 256 1055 XIII,
279 983 317 1041 ut
338 976 497 1041 contineat
519 983 551 1040 et
568 973 727 1057 epistulas,
746 993 827 1053 quae
843 972 991 1039 Cicerone
1006 973 1074 1036 viro
1095 972 1162 1036 sine
1181 974 1330 1054 scrupulo
1344 982 1516 1056 potuerunt

175 1095 338 1177 divulgari,
361 1100 393 1157 et
415 1113 495 1173 quas
517 1114 575 1175 par
596 1099 666 1156 erat
686 1098 754 1154 tam
774 1091 917 1171 angustis
936 1089 1053 1154 finibus
1075 1090 1311 1154 circumscribi?

277 1212 309 1277 Si
324 1233 398 1276 vero
422 1218 507 1276 recte
529 1210 730 1290 cognovimus
752 1208 870 1272 librum
886 1207 972 1270 XIII.
990 1208 1198 1289 epistularum
1214 1208 1256 1272 ad
1276 1207 1349 1272 fam.
1365 1229 1385 1272 a
1401 1208 1514 1273 Tirone

173 1332 339 1396 collectum
361 1336 395 1393 et
415 1331 448 1392 in
470 1327 612 1393 ordinem
627 1327 792 1391 redactum
807 1347 882 1404 esse,
903 1332 1059 1407 quantum
1073 1325 1182 1389 auxilii
1202 1326 1402 1391 attulerimus
1419 1349 1517 1408 quum

174 1449 233 1514 toti
261 1448 335 1511 huic
364 1445 404 1510 de
432 1447 535 1528 prima
564 1445 771 1535 epistularum
792 1444 970 1509 conditione
990 1444 1167 1524 quaestioni
1187 1450 1257 1508 tum
1280 1445 1308 1510 ei
1335 1446 1517 1519 sententiae,

174 1587 270 1647 quam
284 1585 372 1629 mera
389 1564 628 1628 ratiocinatione
648 1563 809 1626 inventam
824 1568 919 1626 antea
936 1561 1105 1643 posuimus
1125 1559 1215 1626 facile
1233 1568 1281 1627 est
1301 1561 1474 1627 intellectu.

224 1673 226 1678 ’
280 1683 363 1745 Ante
382 1682 487 1746 omnia
503 1679 650 1745 Tironem
664 1680 760 1744 etiam
774 1679 913 1760 reliquos
927 1678 1026 1743 libros
1041 1678 1249 1761 epistularum
1264 1680 1306 1744 ad
1322 1679 1396 1744 fam.
1412 1686 1516 1760 atque,

176 1802 326 1881 quoniam
347 1820 446 1863 unum
467 1799 607 1862 omnium
626 1797 834 1880 epistularum
855 1797 1008 1861 editorem
1021 1796 1117 1860 fuisse
1132 1804 1226 1862 antea
1239 1798 1517 1880 comprobavimus,

176 1940 283 1983 omnes
305 1916 457 2000 epistulas
478 1915 654 1994 Tullianae,
681 1937 763 1997 quae
784 1936 925 1996 unquam
943 1915 1047 1980 editae
1069 1922 1186 1993 essent,
1215 1915 1384 1998 collegisse,
1408 1919 1441 1980 in
1463 1938 1517 1981 vo-

172 2037 292 2102 lumina
312 2035 467 2112 retulisse,
489 2034 623 2099 edidisse
645 2055 682 2098 eo
703 2033 888 2110 ostenditur,
909 2033 994 2113 quod
1017 2031 1179 2114 epistulae,
1202 2054 1284 2114 quae
1304 2035 1370 2098 iam
1385 2036 1418 2098 in
1435 2034 1516 2099 libro

172 2154 258 2218 XIII.
281 2154 437 2235 leguntur,
467 2173 596 2235 prorsus
617 2153 776 2216 seiunctae
799 2158 913 2215 sunta
935 2172 1065 2215 numero
1086 2151 1280 2231 reliquarum
1301 2152 1515 2235 epistularum,

172 2293 274 2354 neque
294 2271 376 2336 alter
398 2271 528 2351 quidam
545 2277 612 2334 tam
628 2269 772 2350 religiose
788 2269 980 2351 praevidisse
993 2268 1155 2351 putandus
1170 2276 1226 2347 est,
1248 2290 1287 2333 ne
1302 2290 1367 2350 qua
1381 2271 1517 2352 epistula

172 2394 204 2454 in
226 2412 284 2455 sua
305 2375 443 2454 editione
468 2389 517 2466 sit,
538 2409 620 2468 quae
640 2389 705 2451 iam
725 2388 760 2451 in
781 2388 885 2469 priore
907 2387 1045 2468 quadam
1065 2385 1169 2455 fuerit.
1206 2385 1298 2451 Nunc
1315 2409 1388 2453 vero
1405 2410 1517 2470 quam·
1538 2396 1541 2402 '

173 2530 269 2591 quam
289 2508 371 2572 libro
392 2505 446 2571 IV.
472 2513 561 2585 1-4,
590 2511 618 2584 6,
652 2510 688 2568 12
711 2506 864 2588 epistulae
894 2505 936 2570 ad
959 2504 1133 2587 Sulpicium
1154 2507 1245 2571 annis
1271 2510 1340 2584 705,
1364 2510 1433 2582 700,
1458 2512 1516 2569 700

172 2629 266 2692 <latae
296 2634 392 2707 atque
423 2625 504 2690 libro
527 2624 612 2688 XIH.
636 2630 800 2704 (ll—25⁸)
829 2625 974 2688 undecim
1004 2624 1158 2706 epistulae
1180 2623 1454 2689 commendatitiae
1473 2625 1518 2689 le-

172 2753 290 2827 guntur
313 2745 355 2809 ad
375 2744 510 2809 eundem
530 2750 563 2808 et
582 2744 692 2808 eodem
713 2764 821 2807 omnes
841 2763 924 2807 anno
949 2747 1006 2806 700
1035 2744 1143 2820 datae,
1173 2750 1280 2807 tamen
1300 2741 1388 2806 nulla
1409 2763 1517 2806 earum

174 2863 258 2926 binis
288 2861 441 2942 exemplis
468 2861 589 2925 tradita
617 2867 674 2924 est.
718 2860 827 2941 Neque
852 2859 945 2923 aliter
966 2860 1103 2941 epistula
1123 2860 1163 2924 II.
1189 2865 1237 2939 18,
1259 2880 1358 2940 quum
1378 2860 1517 2924 eiusdem

173 2976 248 3040 anni
271 2980 330 3039 703
360 2977 415 3053 sit,
445 2982 543 3056 atque
570 2983 636 3040 tres
658 2977 812 3059 epistulae
833 2977 1107 3042 commendatitiae
1128 2978 1170 3042 ad
1192 2978 1326 3042 eundem
1347 2978 1519 3043 Minutium

177 3092 349 3158 Thermum
367 3094 461 3157 datae
488 3092 586 3172 (XIII.
606 3099 654 3171 53,
677 3101 725 3171 50,
748 3100 809 3174 56),
832 3103 939 3159 tamen
960 3095 1044 3160 inter
1065 3095 1124 3159 has
1147 3118 1210 3160 non
1232 3103 1290 3161 est.
1330 3095 1422 3173 Quod
1443 3118 1516 3162 vero

173 3214 206 3275 in
234 3212 340 3277 codice
368 3210 508 3276 Mediceo
535 3218 676 3276 extremo
703 3212 769 3278 iere
797 3212 879 3277 libro
904 3211 990 3276 XIII.
1020 3213 1149 3276 eaedem
1175 3212 1257 3277 duae
1285 3215 1438 3296 epistulae
1465 3237 1516 3281 re·

175 3332 349 3412 periuntur,
370 3336 547 3411 quaesunt
568 3331 601 3393 in
622 3329 704 3396 libro
726 3329 796 3394 XII.
819 3331 1089 3412 vicesimaprima
1110 3337 1143 3393 et
1164 3329 1414 3410 undetricesima,
1444 3332 1518 3397 hinc

172 3456 282 3531 postea
305 3448 432 3513 demum
453 3449 680 3530 transscriptae
701 3469 768 3513 esse
788 3450 851 3513 iam
872 3447 936 3512 alia
958 3448 997 3513 de
1019 3466 1114 3512 causa
1137 3449 1221 3512 visae
1243 3456 1326 3512 sunt.

279 3566 447 3632 Praeterea
476 3566 593 3631 librum
617 3565 703 3631 XIII.
725 3567 759 3630 id
789 3588 862 3631 cum
889 3565 979 3630 libris
1000 3565 1112 3643 I-IX,
1134 3563 1216 3643 XIV,
1239 3564 1306 3643 XV,
1316 3565 1403 3638 „XVI
1432 3587 1517 3632 com-

172 3705 266 3749 mune
294 3684 412 3749 habere
439 3691 588 3767 apparet,
616 3684 703 3765 quod
730 3685 851 3749 nullam
879 3684 1048 3767 epistulam
1074 3685 1227 3759 continet,
1256 3703 1338 3764 quae
1358 3691 1431 3765 post
1451 3706 1517 3750 me-

172 3803 260 3866 dium
289 3823 408 3867 annum
438 3807 497 3866 710
526 3803 604 3866 data
633 3803 691 3879 sit3
720 3802 754 3867 id
783 3802 868 3882 quod
898 3803 995 3866 etiam
1015 3802 1131 3867 mirum
1151 3808 1307 3882 quantum
1327 3801 1370 3867 ad
1391 3809 1517 3868 seuten-

172 3921 251 3983 tiam
272 3926 384 4001 aptum
406 3926 468 3997 est,
499 3942 563 4000 qua
591 3920 677 3984 hunc
696 3921 867 3984 terminum
897 3920 993 3985 iuuisse
1014 3921 1190 4002 posuimus,
1219 3927 1293 3985 aute
1314 3941 1410 4002 quem
1431 3922 1517 4003 prior

172 4057 247 4121 pars
276 4036 467 4104 collectionis
495 4039 668 4120 composita
693 4045 790 4119 atque
820 4038 974 4116 confecta,
1005 4044 1136 4120 etpost
1163 4058 1259 4119 quem
1285 4036 1387 4103 altera
1406 4045 1517 4122 coepta

174 4157 215 4221 sit
236 4156 369 4220 institui.

279 4272 361 4337 Tum
390 4275 487 4338 etiam
509 4272 656 4339 Tironem
684 4294 747 4345 non
768 4275 815 4338 ita
835 4272 937 4358 multo
958 4281 1032 4340 ante
1052 4273 1137 4337 hunc
1160 4273 1331 4339 terminum
1351 4272 1516 4339 consilium

173 4392 381 4474 epistularum
404 4390 651 4471 colligendarum
666 4393 785 4473 cepisse
801 4399 898 4473 atque
912 4412 1094 4473 aggressum
1110 4412 1209 4455 essee
1230 4390 1391 4472 paucitate
1404 4411 1514 4454 earum

174 4509 381 4590 epistularum
408 4507 488 4573 effici
518 4509 648 4591 cogique
671 4517 784 4592 potest,
813 4531 895 4589 quae
918 4516 992 4573 sunt
1021 4510 1162 4590 priorum
1183 4528 1346 4572 annorum.
1388 4507 1470 4572 Nam
1490 4511 1514 4572 si

175 4626 375 4705 conferimus,
404 4647 467 4708 quo
495 4634 636 4710 tempore
665 4626 732 4692 Ioh.
756 4627 796 4693 de
818 4626 950 4705 Gruber,
979 4625 1246 4710 Baiter-Kayser,
1275 4624 1516 4708 Wesenbergius

1333 4745 1351 4798 2
