3376 5070
185 397 251 453 tum
267 390 364 471 recipi
384 388 486 466 vellet,
509 409 588 473 quas
609 389 676 470 ipse
697 388 739 452 ad
760 389 839 453 alios
862 388 1008 466 dedisset,
1031 387 1080 452 vel
1103 389 1200 452 etiam
1220 410 1281 466 eas,
1304 410 1383 474 quas
1406 388 1447 452 ab
1469 389 1533 452 illis

184 509 296 571 missas
318 508 498 588 accepisset.
543 505 593 570 Ita
620 506 834 571 statuentibus
854 506 946 571 nobis
975 505 1108 570 dubium
1129 526 1196 569 esse
1218 528 1281 570 non
1302 515 1424 587 potest,
1454 507 1533 592 quid

185 626 244 689 sibi
266 625 364 688 velint
390 624 468 688 haec
490 625 592 702 verba,
619 625 736 709 quippe
766 624 881 709 quibus
904 624 1026 688 Tullius
1045 624 1159 687 illudat
1182 623 1336 701 Tironem,
1368 631 1533 710 tamquam

184 744 219 806 id
240 743 439 824 potissimum
460 749 541 823 agat,
571 750 608 806 111
629 764 704 806 suae
725 740 850 827 quoque
873 742 1027 824 epistulae
1048 743 1252 824 recipientur.
1294 742 1394 807 Simul
1416 764 1532 825 appro-

185 861 272 924 batio
301 860 385 924 illius
414 860 533 925 consilii
555 860 604 925 vel
634 861 828 945 quaestionis
851 867 883 923 et
909 861 942 922 in
964 861 1041 941 ipsis
1063 860 1167 923 verbis
1189 861 1275 937 latet,
1309 868 1341 924 et
1364 867 1532 942 conspectu

186 980 253 1042 eius
282 979 472 1042 collectionis
500 979 615 1059 partis,
644 998 725 1061 quae
755 977 797 1041 ad
823 985 966 1041 nostram
994 985 1133 1042 aetatem
1160 979 1317 1059 pervenit,
1353 978 1533 1046 Ciceronem

185 1117 345 1161 assensum
372 1117 439 1161 esse
467 1096 623 1172 docemur,
652 1116 751 1179 quum
779 1097 874 1160 etiam
904 1094 1002 1174 Coeli,
1038 1095 1077 1159 D.
1100 1096 1205 1174 Bruti,
1235 1095 1335 1173 Cassi,
1372 1097 1414 1160 M.
1441 1098 1532 1161 Bruti

184 1215 317 1279 aliorum
347 1215 502 1296 epistulae
537 1233 652 1294 magno
687 1234 817 1277 numero
849 1221 991 1278 servatae
1023 1215 1096 1277 sint.
1142 1214 1233 1290 Quod
1262 1235 1335 1278 vero
1363 1217 1450 1278 inter
1475 1216 1533 1279 has

182 1333 282 1414 ipsius
304 1331 428 1396 Tironis
457 1331 610 1413 epistulae
637 1353 701 1395 non
732 1337 836 1409 sunt,¹
870 1352 933 1395 non
963 1332 1146 1410 mirabitur,
1177 1334 1231 1416 qui
1259 1334 1410 1397 memoria
1437 1339 1533 1409 tenet,

183 1449 217 1512 id
239 1449 325 1534 quod
341 1448 462 1513 Gellius
484 1455 622 1512 testatur
641 1451 791 1528 (11.17),
812 1451 1014 1530 pervulgatae
1037 1450 1131 1514 fuisse
1147 1451 1214 1515 eius
1232 1451 1392 1532 epistulas,
1415 1473 1532 1529 verum,

183 1575 221 1630 ut
242 1588 299 1630 nos
318 1588 357 1630 ex
377 1568 556 1630 coniectura
571 1569 723 1649 ponimus
746 1574 892 1650 separato
908 1568 1045 1652 quodam
1061 1590 1190 1650 corpore
1206 1570 1308 1632 instar
1323 1569 1533 1650 epistularum

185 1683 411 1748 Tullianarum.
457 1684 537 1748 Utut
563 1685 623 1749 hoc
644 1692 699 1763 est,
719 1685 780 1749 hoc
800 1685 868 1750 loco
891 1687 968 1749 satis
988 1687 1142 1750 habemus
1165 1688 1352 1768 cognovisse,
1374 1687 1530 1751 111111111-

184 1824 272 1884 pore,
312 1825 374 1888 quo
401 1803 479 1868 haec
508 1803 643 1886 epistula
671 1805 747 1868 data
779 1811 841 1880 est,
878 1803 1059 1868 Ciceronem
1092 1813 1124 1868 et
1152 1804 1300 1869 Tironem
1328 1807 1412 1869 inter
1439 1805 1533 1869 sede

160 1921 325 2002 ‘epistulis
353 1921 535 2013 colligendis
565 1929 662 2005 atque
689 1923 723 1984 in
745 1921 904 1985 volumina
924 1923 1104 2004 redigendis
1127 1924 1256 1988 consilia
1278 1924 1532 1987 communicasse.

184 2039 252 2116 Quo
274 2047 382 2103 antem
404 2040 585 2103 anno-data
607 2047 654 2103 est
677 2039 756 2102 haec
777 2039 935 2120 epistula?
956 2048 1073 2121 negant
1095 2041 1162 2104 Ich.
1183 2043 1222 2105 de
1246 2042 1379 2120 Gruber,
1408 2041 1533 2106 Baiter-

185 2157 305 2240 Xayser
346 2165 468 2223 certum
501 2177 620 2220 armum
652 2156 796 2236 indagari
829 2177 933 2238 posse,
971 2157 1027 2221 sed
1061 2157 1303 2239 Wesenbergius
1338 2167 1371 2224 et
1405 2159 1533 2223 Neleus

186 2297 304 2339 annum
331 2279 407 2352 708,
436 2274 657 2338 Drumannus²
682 2294 800 2337 annum
828 2275 892 2339 sive
923 2281 998 2353 708,
1027 2277 1091 2340 sive
1115 2280 1175 2339 709
1205 2298 1262 2359 pro
1278 2263 1376 2341 ¹certo
1401 2277 1531 2341 habent.

187 2394 292 2478 Atque
321 2399 384 2469 est,
417 2393 502 2477 quod
529 2391 664 2456 alteram
691 2393 774 2457 hanc
799 2394 988 2457 sententiam
1009 2395 1214 2458 commendet.
1259 2395 1373 2476 Agitur
1395 2397 1532 2459 enimin

187 2512 247 2575 hac
268 2510 404 2594 epistula
432 2511 470 2575 de
491 2497 688 2592 aegritudine
711 2510 834 2575 Tironis
863 2511 897 2598 (ἓ
920 2516 938 2574 2
961 2515 1105 2577 coleredo
1126 2526 1182 2579 111
1208 2535 1253 2577 nic
1276 2516 1364 2578 valde
1386 2517 1532 2579 sollicitat

187 2653 213 2694 e.
236 2653 267 2716 q.
290 2628 347 2717 s.);
383 2651 576 2715 quamquam
596 2652 669 2695 vero
692 2652 764 2694 eum
784 2637 946 2716 nunquam
969 2631 1061 2694 firma
1081 2632 1262 2696 valetudine
1283 2631 1378 2696 luisse
1400 2638 1532 2709 constat,

187 2756 293 2813 tamen
314 2771 378 2813 non
400 2747 615 2812 vehementius
635 2756 813 2830 aegrotasse
836 2749 961 2813 videtur
983 2751 1044 2812 nisi
1072 2752 1163 2814 annis
1187 2755 1244 2811 71111
1275 2748 1333 2836 (ad
1353 2749 1425 2813 fam.
1451 2748 1530 2814 XVI.

192 2873 237 2943 10,
265 2874 309 2943 11,
337 2870 386 2944 111)
415 2871 530 2929 11701
561 2866 616 2944 (ad
636 2865 703 2929 Att.
727 2865 779 2929 VI.
804 2870 835 2945 7)
864 2873 896 2929 11
922 2887 958 2930 11
980 2888 1074 2943 anno,
1106 2869 1194 2932 cuius
1215 2875 1342 2950 praeter
1363 2867 1532 2949 epistulam

189 3004 285 3068 quam
307 2989 481 3046 tractamus
502 2983 598 3046 etiam
621 2981 702 3046 XVI.
731 2988 774 3060 111,
803 2989 847 3060 19,
871 2989 918 3060 10,
943 2987 981 3044 ‘22
1006 2992 1089 3048 sunt.
1133 2983 1264 3048 Nullum
1284 2991 1392 3048 autem
1414 3006 1533 3048 annum

186 3100 332 3165 relictum
353 3121 428 3177 esse,
451 3101 511 3164 nisi
534 3106 593 3165 708
617 3101 682 3164 sire
707 3105 775 3178 709,
803 3101 836 3163 in
865 3123 960 3186 quem
980 3102 1065 3165 hunc
1086 3103 1233 3166 morbum
1255 3102 1400 3167 incidisse
1422 3102 1532 3166 creda-

185 3241 263 3297 mus,
286 3240 349 3282 non
371 3219 512 3298 dixerim,
534 3240 633 3304 quum
654 3219 748 3283 liceat
770 3220 866 3285 etiam
888 3219 928 3284 de
949 3222 1077 3285 ineunte
1097 3241 1180 3284 111111
1205 3225 1264 3283 710
1284 3221 1431 3302 cogitare.

291 3337 432 3414 Quacum
460 3338 698 3402 ratiocinatione
727 3339 754 3402 si
780 3339 995 3419 componimus
1024 3338 1057 3401 id
1085 3338 1170 3423 quod
1199 3345 1293 3402 antea
1315 3337 1531 3402 demonstrare

185 3458 289 3521 1111111
319 3477 427 3521 sumus
454 3455 624 3521 absolvisse
653 3455 800 3520 Tironem
828 3458 916 3539 prius
943 3456 1151 3539 epistularum
1177 3477 1292 3538 corpus
1317 3455 1422 3520 medio
1449 3476 1531 3519 anno

188 3579 255 3650 710,
277 3574 410 3638 alteram
431 3575 587 3638 rationem
608 3573 710 3638 altere
729 3573 831 3637 iuvari
853 3595 973 3639 censeo.
1017 3574 1099 3639 Nam
1120 3575 1161 3638 ab
1184 3596 1220 3638 eo
1242 3575 1300 3650 die,
1330 3595 1392 3658 quo
1411 3575 1531 3657 epistu-

184 3692 288 3755 larum
315 3691 561 3773 colligendarum
588 3691 754 3755 consilium
782 3693 879 3774 cepit,
915 3714 1015 3776 usque
1042 3693 1084 3757 ad
1111 3713 1198 3768 eum,
1233 3714 1296 3777 quo
1324 3693 1429 3774 potuit
1454 3691 1531 3755 satis

184 3830 335 3891 magnum
363 3831 478 3891 corpus
509 3831 708 3892 componere,
746 3810 813 3873 sine
846 3810 944 3875 dubio
971 3811 1093 3895 aliquot
1121 3831 1244 3874 menses
1273 3811 1528 3876 intercesserunt.

185 3927 301 3990 Utrum
323 3948 395 3991 vero
422 3949 504 3992 anno
530 3932 589 3990 700
619 3949 660 3992 an
682 3929 810 3992 ineunte
832 3932 996 3992 11111710
1019 3927 1080 3992 hoc
1101 3927 1242 3992 studium
1264 3947 1337 3990 eum
1358 3927 1531 4008 suscepisse

184 4045 357 4123 credamus,
384 4045 465 4108 nihil
494 4045 537 4109 ad
558 4066 633 4123 rem,
664 4067 763 4130 quum
785 4053 817 4109 et
837 4045 898 4110 hac
919 4052 951 4110 et
972 4045 1028 4109 illa
1043 4047 1166 4109 ratione
1188 4045 1306 4126 optimc
1326 4043 1530 4124 intelligatur,

183 4163 267 4228 unde
289 4163 408 4227 fectum
429 4165 485 4241 sit,
522 4169 559 4226 ut
586 4162 740 4245 epistulae
762 4184 917 4228 annorum
940 4168 999 4228 709
1022 4171 1054 4228 11
1079 4168 1137 4228 708
1162 4183 1253 4226 rarae
1273 4182 1336 4225 non
1356 4162 1434 4239 sint,
1452 4163 1530 4244 pri-

183 4304 274 4345 orum
309 4303 464 4347 annorum
498 4284 563 4346 sint
595 4282 782 4346 rarissimae.
825 4280 908 4346 Nam
945 4303 1044 4366 quum
1074 4279 1147 4344 Tiro
1182 4286 1258 4343 tunc
1284 4277 1348 4342 fere
1377 4279 1529 4362 epistulas

184 4400 267 4463 Tulli
295 4404 336 4466 ab
368 4401 412 4465 eis
442 4407 612 4482 repeteret,
642 4398 684 4462 ad
713 4419 792 4483 quos
821 4399 915 4464 datae
943 4407 1048 4477 erant,
1083 4398 1132 4463 vel
1153 4398 1194 4461 ab
1215 4417 1324 4461 eorum
1351 4397 1529 4477 heredibus,

240 4556 262 4618 ¹)
287 4554 327 4607 De
345 4554 453 4607 Tironis
471 4553 598 4623 epistulis
616 4553 722 4607 Tullius
741 4551 862 4620 loquitur
881 4552 917 4606 ad
934 4552 999 4606 fam.
1016 4551 1088 4605 XVI.
1108 4554 1130 4604 4.
1149 4554 1175 4617 1;
1197 4553 1235 4605 14.
1255 4555 1280 4616 1;
1299 4551 1386 4616 26.1;
1410 4552 1447 4604 18.
1467 4555 1486 4603 1.

238 4657 262 4717 ¹)
290 4655 385 4709 Gesch.
406 4655 497 4710 Rom's
515 4656 561 4708 IV.
580 4657 639 4722 407,
659 4657 718 4709 472.

1311 4757 1329 4808 2
1346 4756 1359 4784 ι
