3376 5070
834 91 855 151 4

744 177 948 186 ——w

173 363 206 421 et
226 362 372 437 acceptae
393 356 488 419 sunt?
524 353 607 417 Num
627 375 721 436 porro
740 360 824 421 credi
845 364 950 440 potest
967 356 1112 442 Tironem
1134 358 1271 420 omnium
1293 357 1505 438 epistularum,

173 495 252 556 quas
273 472 380 537 Cicero
409 475 451 537 ἃᾶ
479 472 662 555 Pompeium
689 482 721 538 et
750 477 792 540 ἃᾶ
814 476 977 541 Caesarem
1009 477 1151 552 dederat,
1182 498 1244 539 non
1273 475 1344 556 plus
1371 479 1506 556 quatuor

173 594 309 676 reperire
342 598 374 655 et
408 592 568 674 publicare
601 594 759 673 potuisse?
802 594 943 659 Profecto
980 594 1155 671 maluisset,
1196 595 1319 676 opinor,
1356 594 1506 676 epistulas

172 713 307 776 ineditas
336 731 475 788 manere,
508 732 603 791 quam
634 718 700 774 tam
729 713 945 794 imperfectum
964 734 1010 776 ac
1038 712 1220 777 lacunosum
1241 733 1353 795 corpus
1375 712 1504 778 efficere.

172 822 278 894 Etiam
298 828 358 893 hoo
377 836 503 911 praeter
524 830 701 910 opinionem
722 832 892 908 accidisset,
915 833 940 894 si
964 830 1086 896 Tironis
1108 831 1248 895 collectio
1270 852 1333 895 non
1355 833 1505 913 periisset,

174 949 341 1031 ampliores
371 948 451 1011 istae
479 954 511 1011 et
532 948 730 1029 aliquantum
752 957 824 1032 post
845 949 955 1027 editae,
978 971 1058 1030 quae
1080 949 1231 1032 epistulas
1251 951 1377 1014 maioris
1398 958 1505 1015 aueto-

173 1069 276 1132 ritatis
291 1067 486 1131 continerent
508 1068 633 1148 penitus
655 1067 858 1149 funditusque
875 1069 1047 1151 periissent,
1069 1090 1167 1150 quum
1181 1090 1239 1151 par
1255 1075 1336 1134 esset
1352 1068 1505 1133 uberiori-

175 1186 234 1250 bus
253 1185 460 1282 epistularum
478 1186 660 1268 corporibus
681 1186 772 1251 editis
789 1194 883 1251 tenue
905 1174 1116 1270 illud‘utpote
1133 1209 1397 1270 supervacaneum
1419 1189 1503 1250 brevi

172 1305 349 1386 neglectum
369 1304 500 1368 iacuisse
521 1312 617 1385 atque
639 1305 792 1370 oblivione
814 1308 963 1371 obrutum
987 1327 1062 1370 esse.

276 1422 394 1486 Verum
415 1421 579 1487 sufficiant
593 1423 671 1488 haec
687 1425 728 1487 ad
743 1423 912 1488 Hofmanni
927 1426 1115 1489 sententiam
1130 1426 1162 1487 in
1181 1423 1312 1488 dubium
1326 1425 1504 1502 vocandam,

174 1543 379 1623 nequeenim
406 1524 531 1623 poterit
545 1548 636 1618 stare,
668 1544 694 1606 si
716 1544 805 1607 nobis
827 1544 992 1624 contigerit
1019 1545 1053 1606 id
1073 1543 1223 1606 iudicium
1241 1542 1391 1621 refellere,
1421 1545 1506 1624 quod

172 1660 348 1725 Hofmanno
363 1681 435 1723 cum
449 1658 566 1738 Nekou,
587 1660 761 1739 Boissierio,
784 1660 942 1740 Teuffelio,
964 1661 1143 1742 Leightone,
1165 1661 1235 1725 aliis
1256 1681 1418 1725 commune
1439 1684 1505 1726 esse
1580 1660 1582 1664 '

172 1780 319 1857 vidimus,
356 1780 477 1842 novisse
511 1757 668 1859 antiquos·
693 1781 782 1844 binas
817 1781 1022 1862 epistularum
1049 1779 1265 1843 Tullianarum
1300 1780 1504 1857 collectiones,

172 1899 329 1975 maiorem,
352 1918 432 1977 quae
454 1915 553 1977 quum
572 1897 674 1961 multa
696 1919 826 1979 corpora
848 1897 1039 1979 singularia,¹
1068 1906 1137 1961 tum
1158 1905 1223 1960 tres
1245 1897 1342 1961 libros
1364 1897 1405 1962 ad
1427 1897 1503 1961 Cae-

172 2037 294 2094 sarem,
312 2022 447 2097 quatuor
475 2015 518 2079 ad
538 2014 728 2098 Pompeium,
754 2016 834 2102 duos
861 2018 902 2080 ad
925 2015 1074 2094 Cassium,
1102 2037 1212 2080 novem
1234 2017 1275 2079 ad
1296 2015 1435 2080 Hirtium
1456 2016 1503 2103 uel

172 2136 311 2199 omnium
327 2135 422 2197 etiam
438 2134 544 2228 plures
557 2134 823 2217 complecteretur,
844 2137 997 2199 minorem
1015 2134 1097 2198 hanc
1110 2135 1250 2211 alteram,
1272 2155 1368 2216 quam
1389 2137 1505 2216 epistu-

173 2259 218 2319 las
247 2256 287 2317 ud
314 2256 484 2336 familiares
513 2274 623 2317 vocare
652 2255 874 2317 consuevimus.
919 2253 970 2317 Sic
991 2256 1073 2318 enim
1095 2261 1215 2318 statuo:
1248 2255 1381 2318 sedecim
1409 2252 1506 2316 libros

172 2372 378 2455 epistularum
413 2372 455 2434 ad
483 2371 565 2449 fam,
601 2379 666 2434 tres
693 2373 735 2435 ad
765 2370 916 2448 Quintum
944 2372 1087 2449 fratrem,
1126 2375 1205 2446 duos
1233 2371 1275 2435 ad
1302 2372 1344 2435 M.
1371 2372 1507 2435 Brutum

173 2512 278 2555 omnes
300 2491 435 2570 denique
456 2491 533 2552 -si
555 2491 672 2571 excipis
693 2489 845 2570 epistulas
866 2491 908 2552 ad
925 2489 1066 2553 Atticum
1083 2512 1218 2580 -3quos
1239 2491 1382 2554 fortunae
1404 2491 1506 2570 gratia

171 2611 260 2674 nobis
289 2608 387 2672 voluit
414 2609 544 2685 servari,
573 2609 666 2672 unius
695 2607 895 2687 eiusdemque
924 2607 1113 2672 collectionis
1142 2630 1224 2685 esse,
1252 2629 1353 2688 neque
1381 2616 1506 2689 praeter

170 2729 252 2794 hanc
281 2726 495 2791 collectionem
522 2733 650 2789 cunetas
672 2725 755 2788 Tulli
777 2726 935 2808 epistulas,
967 2747 1047 2806 quae
1076 2727 1203 2806 quidem
1223 2725 1401 2806 divulgatae
1424 2702 1505 2801 sunt,

172 2848 390 2923 continentem,
417 2843 551 2908 alteram
578 2847 738 2924 quandam
757 2865 897 2925 unquam
917 2845 1020 2908 fuisso.
1067 2845 1158 2921 quod
1180 2845 1277 2908 nolim
1298 2845 1344 2908 ita
1364 2845 1505 2926 accipias,

173 2966 262 3046 quasi
284 2963 443 3028 effecerint
464 2968 594 3026 cunct-ae
616 2963 768 3045 epistulae
789 2985 887 3027 unum
906 2985 1027 3045 corpus,
1049 2964 1105 3027 sed
1125 2965 1179 3042 ita,
1202 2972 1239 3027 ut
1261 2985 1313 3028 cas
1335 2964 1506 3027 abeodem

172 3084 297 3149 homine
323 3081 469 3146 collectas
505 3088 537 3144 et
570 3083 679 3144 eodem
707 3082 834 3146 consilio
861 3084 983 3146 etiamsi
1012 3104 1072 3146 non
1101 3083 1211 3146 eodem
1233 3104 1339 3147 omnes
1366 3090 1505 3164 tempore

170 3203 271 3267 editas
298 3221 364 3264 esse
393 3200 511 3263 credas.
555 3198 641 3276 Quae
667 3201 794 3281 quidem
819 3202 987 3278 sententia,
1018 3222 1210 3297 quamquam
1238 3222 1295 3282 per
1323 3221 1356 3263 se
1385 3200 1505 3282 simpli-

172 3322 302 3398 cissima,
324 3339 452 3400 prorsus
472 3317 658 3400 negligenda
679 3321 745 3383 visa
766 3326 814 3383 est
836 3319 987 3397 omnibus,
1010 3320 1064 3399 qui
1087 3321 1126 3382 de
1147 3320 1206 3382 hac
1224 3340 1259 3382 re
1276 3319 1505 3399 quaesiverunt,

172 3447 335 3521 tamquam
354 3443 509 3519 pugnaret
530 3445 640 3502 contra
656 3439 839 3519 gravissima
853 3439 1055 3519 antiquorum
1075 3437 1349 3518 grammaticorum
1364 3439 1505 3501 testimo-

171 3559 234 3622 nia.
265 3555 372 3620 Unum
387 3555 534 3620 Carolum
551 3555 746 3621 Fridericum
762 3555 985 3636 Hermaqnum,
1008 3576 1102 3636 quem
1122 3562 1195 3619 ante
1210 3554 1268 3618 hos
1289 3555 1420 3636 triginta
1441 3562 1505 3619 tres

172 3679 292 3740 anncs²
309 3675 468 3739 occasione
490 3673 597 3738 oblata
617 3682 736 3738 rectam
757 3674 837 3739 hane
852 3676 891 3739 de
906 3676 1023 3756 origine
1038 3672 1244 3755 epistularum
1258 3674 1300 3737 ad
1315 3672 1388 3737 fam.
1404 3675 1503 3756 opini-

174 3815 266 3859 onem
286 3793 439 3858 indicasse
460 3793 680 3875 potiusquam
701 3795 880 3876 exposuisse
901 3794 998 3871 video,
1028 3813 1126 3873 quum
1146 3792 1234 3856 illam
1262 3793 1501 3874 discrepantiam

172 3934 235 3977 non
257 3913 426 3995 expediret,
455 3931 546 3975 nemo
568 3910 696 3975 audivit.
737 3911 823 3976 Haec
844 3919 950 3976 antem
978 3911 1148 3974 difficultas
1167 3911 1256 3974 nobis
1278 3911 1390 3988 obstat,
1418 3910 1503 3991 quod

172 4034 255 4097 inter
277 4052 330 4095 eos
351 4030 456 4108 libros
477 4050 556 4111 quos
573 4028 742 4110 aliquando
756 4030 932 4111 divulgatos
947 4029 1040 4094 fuisse
1057 4030 1180 4109 antiqui
1198 4030 1365 4110 scriptores
1384 4035 1502 4091 testan-

173 4158 240 4229 tur,
274 4149 368 4214 fuisse
397 4150 492 4213 etiam
513 4155 661 4229 apparet,
694 4149 748 4229 qui
776 4149 927 4234 epistulas
953 4149 995 4212 ad
1022 4149 1147 4212 eosdem
1174 4147 1265 4211 datas
1286 4147 1502 4223 continuerint,

176 4287 379 4299 -—-——-..-.—

228 4354 251 4421 ¹)
274 4350 348 4404 vide:
372 4349 450 4402 Nake
473 4348 537 4402 hist.
557 4347 618 4402 crit.
644 4365 704 4416 pag.
722 4344 773 4415 10,
797 4349 843 4402 nbi
866 4365 921 4402 una
947 4350 1043 4402 tabula
1061 4363 1234 4416 quaecunque
1255 4348 1400 4415 aliquando
1419 4347 1503 4399 divul-

173 4442 240 4506 gata
257 4439 345 4502 eraut,
361 4438 512 4502 praeterea,
530 4450 600 4501 quae
618 4435 653 4487 ad
670 4439 791 4488 nestram
810 4439 944 4488 aestatem
961 4438 1149 4502 pervenerunt,
1171 4433 1381 4499 comprehendit.

227 4542 251 4609 ²)
277 4540 333 4592 Zur
360 4536 588 4605 Rechtfertigung
619 4539 667 4591 der
697 4538 845 4592 Aechtheit
875 4539 922 4592 des
952 4539 1111 4592 erhaltenen
1140 4534 1342 4589 Briefwechsels
1371 4537 1502 4591 arvisehen

174 4627 268 4685 Cicero
284 4626 340 4679 und
356 4624 393 4677 M.
410 4625 519 4679 Brutus.
554 4625 574 4677 I.
593 4623 768 4692 Abtheilung.
800 4624 951 4690 (tettingen
969 4625 1036 4679 1845
1054 4639 1114 4690 pag.
1132 4625 1174 4677 21.
