3376 5070
823 135 863 192 46

742 218 948 227 ....-.---

172 397 342 458 terminum
363 397 474 460 missas
497 404 608 478 postea
623 398 750 461 demum
766 399 898 480 collegit,
920 398 1039 461 nullam
1055 398 1180 461 omnino
1196 400 1351 461 rationem
1368 397 1517 462 habuisse

171 514 323 595 exemplis
360 513 534 577 multarum
568 514 703 579 aliarum
740 519 948 598 epistularum
982 517 1056 580 licet
1084 517 1236 597 cognosci.
1281 516 1387 596 Atque
1416 527 1516 596 quum

171 633 295 694 omnino
317 631 450 695 Romani
472 653 535 695 non
557 654 593 697 eo
616 634 743 698 consilio
766 637 918 717 epistulas
940 637 1088 716 legerent,
1111 642 1147 698 ut
1168 633 1210 697 ad
1231 634 1314 697 diem
1335 641 1517 698 contextam

170 747 336 812 historiam
350 751 560 828 restituerent,
583 751 639 814 sed
654 754 717 816 sive
734 762 864 835 propter
883 754 1131 830 delectationem,
1153 754 1217 816 sive
1232 759 1268 814 ut
1286 760 1516 832 cognoscerent,

171 887 252 946 quae
268 868 460 931 consuetudo
476 868 578 933 Tullio
596 890 668 933 cum
688 871 899 936 illustrissimo
916 893 1041 953 quoque
1055 871 1173 934 homini
1192 869 1319 933 illorum
1337 877 1517 952 temporum

171 984 288 1062 11110001,
322 987 385 1049 sive
410 1006 472 1066 quo
495 1008 637 1051 sermone
658 1004 733 1053 usus
756 998 837 1054 osset
859 992 892 1053 in
915 989 1094 1066 scribendo,
1119 990 1170 1051 vix
1190 986 1415 1052 desiderabant
1436 995 1524 1052 tem··

171 1125 283 1184 porum
305 1104 446 1167 ordinem
476 1107 662 1186 praesertim
683 1107 716 1167 in
741 1109 785 1171 eis
805 1108 960 1190 epistulis,
989 1108 1022 1170 in
1050 1106 1165 1187 quibus
1192 1126 1255 1169 non
1283 1105 1323 1168 de
1344 1105 1516 1186 republica,

175 1221 231 1284 sed
252 1221 291 1284 de
313 1221 493 1287 domesticis
514 1223 610 1287 rebus
632 1245 733 1288 sermo
756 1232 813 1288 est.

220 1350 224 1354 ’
278 1339 397 1418 Restat,
421 1349 458 1404 ut
479 1362 676 1422 quaeramus,
696 1363 759 1423 quo
782 1351 923 1424 tempore
938 1342 1011 1406 Tiro
1033 1342 1184 1424 epistulas
1205 1341 1339 1405 edidisse
1355 1342 1517 1424 putandus

172 1457 222 1520 sit.
268 1456 370 1533 Quam
398 1458 439 1521 ad
469 1461 685 1539 quaestionem
713 1483 774 1524 uno
802 1461 897 1524 verbo
919 1461 965 1523 ita
994 1460 1183 1541 respondere
1208 1479 1381 1540 possumus,
1401 1467 1444 1524 'ut
1468 1460 1525 1523 di-·

172 1596 292 1652 camus,
330 1576 431 1640 editas
460 1599 527 1642 esse
558 1560 709 1660 epistulas
743 1587 816 1661 post
841 1578 997 1642 Ciceronis
1027 1585 1059 1641 et
1092 1585 1166 1640 aute
1191 1576 1313 1640 Tironis
1342 1577 1514 1642 decessum.

175 1693 299 1757 Accidit
321 1715 394 1757 vero
421 1697 630 1773 incommode,
646 1698 742 1777 vquod
769 1698 808 1760 de
828 1697 928 1760 altero
950 1697 1010 1759 1100
1031 1697 1165 1759 termino
1188 1696 1422 1758 iudiciumnon
1442 1717 1516 1759 0011-

173 1818 253 1887 stat,
283 1813 366 1891 quia
388 1815 474 1892 quod
495 1813 705 1897 Hieronymus
727 1817 758 1877 111
781 1815 896 1878 11110011.
919 1815 1025 1878 chron.
1048 1813 1089 1876 ad
1112 1812 1160 1874 ol.
1189 1818 1255 1875 194.
1280 1820 1289 1875 l
1316 1817 1372 1891 (τ’-
1389 1835 1432 1877 cr.
1455 1817 1516 1876 750
1562 1892 1566 1898 ἱ

173 1951 201 1992 a.
224 1952 255 1992 11.
279 1952 304 1993 0.
327 1940 406 1993 :4
430 1953 458 1995 a.
482 1931 539 1995 Oh.
562 1931 607 2018 n.)
630 1934 777 1997 adnotat:
814 1935 856 1998 Μ.
885 1932 1003 1996 Tollius
1029 1930 1112 2003 Tiro,
1137 1929 1293 1995 Ciceronis
1316 1935 1453 2005 libertos,
1478 1980 1484 1994 .
1508 1980 1515 1994 .

173 2051 206 2111 in
229 2048 402 2113 Puteolano
425 2053 553 2132 praedio
576 2072 675 2135 usqne
697 2055 738 2114 nd
759 2055 956 2115 centesimam
978 2069 1100 2113 010111
1122 2052 1319 2144 consenescit,
1339 2048 1421 2112 male
1442 2070 1517 2113 con-

173 2165 270 2228 sentit
296 2186 367 2230 cum
395 2167 495 2231 altero
523 2169 661 2247 quodam
688 2170 868 2233 testimonio
899 2168 952 2246 (ad
981 2167 1047 2230 Att.
1070 2166 1169 2243 Vl,7
1200 2172 1310 2245 extr.),
1341 2188 1406 2247 quo
1432 2167 1517 2230 idem

97 2322 106 2335 ›
174 2282 248 2346 Tiro
270 2305 353 2347 anno
384 2291 443 2348 704
472 2284 683 2350 adulescentis
711 2289 837 2351 nomine
868 2286 1072 2366 significatur.
1119 2284 1247 2348 Etenim
1275 2286 1300 2349 si
1333 2306 1428 2349 anno·
1447 2289 1516 2364 110,

173 2403 342 2465 centesimo
358 2404 473 2466 aetatis
496 2423 579 2482 suae,
600 2412 744 2468 mortuus
762 2413 816 2480 est,
841 2419 924 2467 auno
946 2409 1006 2465 600
1029 2409 1122 2466 uatus
1144 2424 1206 2467 non
1229 2405 1528 2484 11011111011110704ἓ

173 2521 432 2601 qidnquagcsimo
467 2530 582 2601 quarto
608 2524 722 2586 aetatis
752 2542 826 2584 suae
853 2521 1036 2584 adulescens
1059 2522 1163 2584 vocari
1197 2522 1292 2602 idque
1321 2543 1341 2585 a
1369 2521 1517 2585 Cicerone

173 2639 297 2707 duobus
319 2639 410 2702 armis
431 2639 636 2703 1111110101110.
670 2640 788 2703 Verum
809 2647 915 2703 tamen
931 2638 1131 2701 omniabene
1145 2660 1179 2701 se
1195 2638 1323 2717 habent,
1346 2640 1517 2704 dummodo

173 2756 277 2820 verbis
298 2778 397 2840 usqne
418 2761 459 2820 ed
482 2761 680 2823 centesimum
701 2778 820 2822 0111111
844 2760 1031 2822 consenescit
1059 2755 1139 2818 nihil
1160 2756 1248 2820 aliud
1269 2755 1437 2836 significari
1460 2772 1516 2838 po‘-

172 2895 285 2939 namus
312 2875 372 2938 nisi
400 2882 560 2939 mortuum
589 2896 660 2940 eum
687 2898 754 2941 esse
781 2897 904 2940 summa
932 2880 1101 2939 senectute.
1146 2874 1227 2938 Fieri
1249 2876 1333 2938 enim
1355 2874 1459 2956 potuit
1478 2880 1516 2936 ut

173 2994 258 3057 circa
289 2994 422 3073 triginta
457 2995 596 3074 quinque
622 3015 721 3059 annos
750 3001 853 3058 natus·
871 2993 1054 3058 adulescens
1083 2993 1305 3069 nominaretur,
1341 3012 1423 3055 anno
1454 2995 1515 3054 750

173 3119 280 3174 autem
300 3111 541 3192 quadragesimo
560 3120 675 3193 quarto
696 3134 778 3177 anno
798 3119 871 3194 post
892 3133 986 3176 senex
1008 3111 1092 3174 diem
1114 3111 1216 3175 obiret
1238 3130 1429 3193 supremum.

277 3227 450 3309 Postquam
471 3231 569 3310 igitur
589 3233 759 3295 terminum
781 3231 942 3295 latissimis
961 3228 1078 3292 finibus
1097 3229 1412 3310 circumscripsimus,
1440 3233 1515 3290 ante

172 3369 267 3428 quem
289 3354 321 3410 et
342 3356 414 3428 post
434 3370 528 3429 quom
550 3349 703 3430 epistulae
719 3370 782 3413 non
805 3355 938 3430 possunt
960 3347 1063 3426 editae
1085 3368 1161 3424 esse,
1181 3347 1359 3411 accuratius
1381 3353 1514 3429 tempus,
1609 3383 1612 3388 -

173 3465 259 3546 quod
281 3467 469 3546 quaerimus,
492 3467 705 3531 detinendum
727 3473 784 3532 est.

279 3583 349 3660 Qua
369 3585 400 3646 in
422 3607 457 3648 re
479 3586 546 3650 sola
566 3587 805 3650 ratiocinatione
827 3584 983 3648 confidere
1004 3582 1161 3660 debemus,
1191 3601 1290 3662 quum
1311 3570 1516 3660 antiquorum

172 3702 362 3784 scriptorum
378 3704 557 3767 testimonia
573 3704 661 3768 nulla
677 3712 809 3783 exstent,
826 3703 910 3766 unde
926 3709 1011 3766 certo
1025 3701 1140 3764 iudicio
1156 3699 1310 3782 proficisci
1327 3697 1510 3780 possimus..¹

176 3875 379 3884 m»..-

227 3974 248 4040 ¹)
273 3972 343 4025 Sunt
377 3985 443 4024 sane
472 3971 553 4026 verba
577 3973 711 4040 quaedam
736 3988 753 4025 a
777 3971 881 4040 Nepote
911 3971 940 4023 in
965 3970 1031 4038 ,vita
1056 3969 1154 4023 Attici‘
1179 3983 1250 4021 anno
1274 3969 1327 4020 120
1352 3966 1516 4034 conscripta,

174 4056 271 4126 quibus
289 4057 408 4123 Nakeus,
432 4058 610 4125 Holmannus,
634 4058 778 4124 Leighton,
804 4058 856 4112 alii·
877 4057 931 4110 vim
953 4057 988 4110 ad
1013 4057 1084 4109 hauc
1102 4053 1290 4121 quaestionem
1307 4051 1516 4104 diiudicandum

174 4143 339 4197 11111110111111.
375 4143 427 4196 Sed
445 4160 527 4211 quum
541 4144 630 4211 Nepos
648 4149 755 4198 narret:
791 4145 842 4210 „Ei
867 4143 908 4196 rei
927 4140 1154 4210 (familiaritatis,
1178 4155 1247 4207 qliae
1266 4137 1340 4190 inter
1359 4137 1516 4191 Ciceronem

173 4233 202 4282 et
221 4228 346 4282 Atticum
365 4230 443 4297 crat)
468 4234 532 4283 sunt
555 4228 657 4282 indicio
679 4233 790 4297 praeter
807 4245 852 4282 eos
870 4229 967 4294 libros,
991 4226 1136 4294 inquibus
1154 4225 1187 4278 de
1205 4240 1236 4277 co
1254 4222 1323 4277 facit
1341 4223 1516 4290 mentionem,

174 4313 268 4382 quiin
285 4314 380 4381 vulgus
399 4319 463 4369 sunt
484 4315 569 4382 editi,
594 4316 710 4369 sedecim
728 4315 864 4368 volumina
882 4313 1062 4381 epistularum
1081 4355 1086 4365 .
1107 4354 1112 4364 .
1132 4354 1137 4364 .
1155 4312 1191 4364 ad
1209 4309 1335 4364 Atticum
1354 4309 1516 4363 missarum“

173 4400 241 4454 haec
270 4401 352 4452 rerba
383 4400 425 4455 ita
457 4407 615 4470 comparata
643 4406 722 4468 sunt,
755 4408 786 4456 nt
817 4418 860 4454 me
883 4400 973 4453 iudice
998 4415 1168 4466 nequaqnam
1197 4396 1266 4451 satis
1291 4400 1425 4463 appareat
1450 4400 1516 4448 tunc

174 4485 324 4554 „epistulas
349 4487 385 4540 ad
409 4486 490 4541 fam.“
511 4488 630 4541 nondum
655 4490 745 4543 editas
768 4488 860 4541 fnisse.
897 4487 977 4539 Certe
995 4485 1089 4537 codem
1107 4483 1166 4537 iure
1187 4481 1286 4550 aliquis
1312 4483 1362 4534 has
1382 4480 1538 4549 epistulas*

173 4572 276 4641 poterit
302 4573 356 4626 illis
379 4572 471 4640 1111110,
495 4573 541 4641 qui
569 4578 635 4627 tunc
653 4576 709 4629 iam
727 4573 798 4628 editi
823 4577 916 4638 erant,
941 4572 1136 4635 adnumerare,
1167 4584 1218 4635 qno
1237 4567 1378 4635 plerosque
1396 4566 1424 4619 id
1446 4566 1517 4633 quo'd

174 4659 342 4714 contrarium
359 4664 402 4715 est
420 4659 557 4716 affirmare
573 4659 658 4714 video.
