3376 5070
789 118 829 177 47

709 201 912 209 ...ο-’.-

139 382 241 465 Supro
269 381 404 445 vidimus
426 379 573 444 Tironem
608 401 661 444 eas
689 379 841 470 epistulas
868 379 1004 443 ineditas
1031 381 1211 458 retinuisse,
1241 401 1321 460 quas
1353 381 1482 445 Octavio

139 491 302 565 offensioni
330 499 454 563 futuras
483 504 625 580 putaret,
654 498 718 561 iam
740 518 826 574 vere,
854 497 940 577 quod
962 504 994 560 et
1021 498 1054 559 in
1075 497 1166 561 libris
1187 497 1341 561 X.—Xll.
1364 501 1483 580 epistu-

137 620 241 682 larum
268 618 310 682 ad
338 617 420 696 fam,
456 624 488 682 et
514 618 547 679 in
570 616 712 680 Brutinis
741 615 885 698 epistulis
916 615 1019 679 multa
1046 615 1206 696 leguntur,
1235 616 1352 696 quibus
1375 617 1483 681 Cicero

138 737 295 818 perfidum
316 736 471 818 Lepidum
499 742 595 815 atque
622 735 870 798 inimicissimum
897 733 1070 796 Antonium
1098 735 1289 815 gravissimis
1312 742 1408 816 atque
1435 738 1484 799 in-

137 855 313 918 festissimis
340 854 444 918 verbis
474 854 683 942 persequitur,
711 851 771 915 hoc
800 852 980 916 testimonio
1009 851 1100 915 nobis
1130 860 1178 916 est
1206 853 1315 916 editas
1336 875 1404 918 esse
1425 854 1484 918 has

40 996 47 1005 ·
138 973 289 1054 epistulas
310 994 373 1036 non
396 980 469 1036 ante
491 992 587 1052 quam
613 971 718 1059 Lepidi
740 981 832 1052 atque
849 973 967 1033 Autooi
988 990 1079 1036 orma
1100 975 1133 1034 in
1157 974 1334 1066 Aepustum
1357 991 1483 1043 cessere,

138 1093 207 1173 prii,
236 1098 272 1154 ut
295 1089 393 1154 Taciti
416 1091 520 1154 verbis
541 1097 628 1166 utar,
658 1099 770 1152 curseto
792 1090 955 1153 discordiis
978 1090 1117 1153 civilibus
1137 1092 1221 1172 fesso
1243 1092 1369 1153 nomiae
1391 1095 1484 1172 prtu—

139 1213 214 1292 cipis
241 1211 298 1273 sub
329 1213 493 1292 imperium
524 1211 649 1289 occepit.
695 1205 783 1269 Tunc
810 1206 916 1282 nullus
943 1205 1007 1270 fere
1028 1205 1184 1270 Ciceronis
1213 1207 1354 1287 aequalis
1381 1228 1418 1270 ac
1445 1228 1485 1270 ne

138 1327 278 1390 studium
301 1325 429 1407 quidem
452 1327 604 1408 pristinae
624 1324 782 1389 libertatis
804 1331 975 1406 supererat
999 1325 1138 1387 omnium
1159 1326 1256 1388 animi
1276 1325 1483 1406 tranquillati,

140 1444 389 1527 Augustusipse
409 1445 495 1526 pacis
515 1452 547 1508 et
569 1445 683 1508 civium
698 1444 878 1506 securitatis
895 1442 1151 1506 studiosissimus.
1188 1443 1299 1508 Nonne
1316 1445 1485 1524 unicuique

139 1561 280 1626 Romano
309 1569 405 1642 atque
435 1563 531 1626 etiam
554 1563 697 1643 Augusto
726 1561 906 1624 litterarum
934 1560 1051 1625 fautori
1065 1543 1264 1643 ⁸exoptatum
1293 1561 1388 1625 fuisse
1418 1583 1485 1625 cre·

139 1680 259 1757 (lamus,
280 1702 378 1761 quum
396 1681 589 1761 respicerent
610 1679 652 1743 od
673 1686 878 1761 tempestates
893 1679 986 1744 modo
1003 1687 1155 1762 peractas,
1178 1702 1217 1744 ex
1231 1681 1308 1762 ipsis
1324 1680 1387 1743 illis
1402 1681 1485 1758 viris,

141 1798 257 1878 quibus
289 1806 365 1862 tunc
392 1820 515 1862 summa
544 1799 716 1862 auctoritas
746 1799 778 1859 in
799 1819 833 1860 re
854 1797 982 1879 publica
1003 1797 1120 1876 iuerat,
1150 1805 1314 1879 tamquam
1337 1818 1497 1880 praesens

140 1916 225 1979 tibus
248 1937 439 1996 cognoscere,
470 1918 524 1996 qui
546 1938 654 1980 eorum
676 1917 806 1992 animus,
836 1936 917 1996 quae
939 1916 1074 1994 consilia,
1106 1938 1187 1997 quae
1208 1919 1314 1981 studia
1333 1916 1486 1980 fuissent?

144 2035 213 2110 Qua
234 2056 268 2098 re
289 2056 351 2098 non
373 2034 472 2111 video,
494 2035 572 2114 quid
592 2033 739 2097 Tironem
760 2033 913 2113 impedire
934 2035 1081 2114 potuerit,
1103 2036 1271 2114 quominus
1292 2036 1394 2116 primo
1417 2036 1484 2117 ipso

93 2132 94 2135 Ἴ
142 2159 213 2233 post
235 2153 353 2214 bellum
370 2153 532 2214 Actiacum
550 2151 700 2215 decennio
717 2150 870 2232 epistulas
885 2152 1001 2214 ederet.
1039 2151 1227 2216 Frustratur
1244 2161 1351 2216 autem
1370 2155 1396 2216 si
1414 2154 1485 2234 quis

142 2277 263 2332 certum
286 2269 445 2349 quendam
467 2269 613 2332 editionis
634 2290 753 2332 annum
775 2276 921 2348 quaerat,
951 2290 1049 2350 quum
1071 2271 1196 2351 singula
1217 2270 1375 2334 volumina
1397 2271 1485 2334 dein-

143 2408 215 2470 ceps
242 2409 299 2470 per
329 2386 496 2451 nonnullos
522 2408 620 2450 annos
648 2388 681 2448 in
710 2386 820 2467 vulgus
850 2387 936 2451 edita
963 2409 1030 2451 esse
1059 2390 1203 2467 quamvis
1230 2410 1293 2452 uon
1323 2388 1484 2466 traditum,

95 2482 99 2489 ,
143 2513 247 2568 tamen
271 2506 312 2567 sit
334 2526 392 2583 res,
415 2505 454 2570 do
477 2526 541 2586 qua
562 2504 703 2568 dubitari
727 2506 779 2566 vix
802 2507 911 2587 possit.
