3376 5070
824 113 841 172 8

728 199 931 208 Μ

170 402 301 463 corpora
327 381 452 444 easdem
480 379 630 461 epistulas
658 386 798 461 receptas
828 381 929 459 fuisse,
960 402 1040 462 quac
1068 381 1131 444 iam
1154 381 1284 444 firissent
1309 381 1342 442 iu
1364 379 1498 444 editione

171 499 344 576 Tironiana,
368 537 407 544 ψ
436 519 499 578 qua
525 498 558 560 in
583 519 617 561 11
644 499 759 562 mirum
780 508 876 578 esset,
902 522 956 569 eur
978 521 1041 563 uon
1063 498 1190 576 Gellius,
1211 497 1330 562 Nonius
1350 497 1403 561 alii
1423 499 1498 561 scri-

170 625 276 700 ptores
297 617 357 681 hac
378 623 487 698 utpote
507 637 736 697 supervacanea
757 620 804 682 uti
827 619 998 696 desiissent,
1014 657 1052 664 -—
1071 638 1134 680 una
1154 616 1264 680 relicta
1284 624 1332 681 est
1353 617 1441 693 ratio,
1463 622 1498 678 ut

170 735 310 801 dicamus
335 734 632 799 hausisse-Nonium
651 737 746 799 etiam
766 736 851 801 hunc
872 737 974 802 locum
995 758 1033 800 ex
1055 735 1196 817 epistulis
1215 735 1256 798 ad
1277 734 1359 812 fam..
1394 734 1499 798 delen-

171 854 247 919 dum
275 860 381 917 autem
408 852 542 917 indicem
568 856 616 917 111).
641 855 667 918 l.
694 862 730 918 ut
759 877 797 919 ex
824 877 929 920 errore
955 856 1057 919 nescio
1086 876 1147 934 quo
1178 853 1366 936 profectum,
1402 874 1499 932 quum

171 980 296 1057 praeter
324 970 474 1054 epistulas
496 971 565 1034 XII.
593 978 707 1051 l—l2‚
734 973 802 1037 XV.
830 979 948 1036 11-19
974 972 1079 1036 nullae
1100 993 1240 1054 unquam
1262 971 1414 1053 epistulae
1437 971 1499 1034 sivo

171 1113 190 1156 a
207 1091 353 1156 Cicerone
372 1089 414 1154 ad
434 1089 583 1168 Cassium,
598 1091 669 1155 'sire
688 1113 708 1155 a
726 1091 832 1156 Cassio
854 1093 895 1156 ad
915 1091 1093 1155 Ciceronem
1115 1091 1207 1154 datae
1230 1090 1406 1172 publicatae
1427 1090 1499 1152 sint.

174 1209 274 1286 Quam
302 1209 429 1289 quidem
458 1209 611 1272 rationem
639 1231 679 1273 ne
700 1211 770 1290 quis
791 1211 954 1292 vituperet,
981 1210 1159 1273 meminerit
1179 1209 1299 1272 nullam
1321 1208 1384 1272 iere
1406 1207 1501 1270 fidem

172 1329 205 1391 in
224 1327 299 1391 locis
322 1326 488 1391 afferendis
509 1327 709 1391 tribuendam
730 1350 796 1392 esse
821 1328 936 1404 Nonio,
965 1348 1111 1408 quocum,
1140 1334 1177 1390 ut
1197 1327 1378 1390 Buecheleri
1400 1326 1502 1390 verbis

175 1451 248 1508 utar
270 1444 394 1530 (Rhein.
417 1443 497 1508 Mus.
519 1443 604 1508 XIII.
619 1444 702 1529 Ι596)
724 1447 778 1526 qui
800 1447 973 1528 comparari
994 1452 1099 1527 posset
1118 1444 1245 1509 levitate
1266 1453 1297 1509 et
1317 1445 1502 1526 stupiditate

138 1550 144 1555 ¹
177 1584 277 1644 neque
298 1563 471 1643 antiquitas
492 1584 593 1643 neque
615 1570 723 1627 nostra
744 1572 834 1628 aetas
855 1564 955 1627 ullum
976 1565 1214 1645 grammaticum
1238 1562 1334 1628 tulit.¹

275 1680 384 1762 Neque
401 1688 477 1764 puto
500 1702 689 1763 quemquam
703 1683 757 1745 uni
778 1682 851 1746 huic
866 1682 959 1746 Nonii
975 1683 1153 1746 testimonio
1168 1690 1292 1746 tantum
1310 1681 1504 1746 tributurum

174 1799 282 1877 trisse,
319 1806 356 1862 ut
381 1800 455 1864 inde
482 1800 601 1880 aliquid
635 1800 673 1864 de
701 1801 834 1881 pristina
863 1800 1067 1882 epistularum
1095 1801 1269 1864 conditione
1297 1799 1502 1878 concluderet.

175 1919 232 1982 nisi
257 1919 319 1981 duo
341 1917 388 1981 vel
410 1918 472 1981 tria
492 1917 554 1996 illa
574 1939 654 1999 quae
675 1918 886 1995 indicavimus,
908 1920 1100 1983 accederent.

280 2035 384 2112 Quum
410 2037 463 2117 qui
491 2035 641 2118 epistulas
663 2037 704 2100 ad
726 2037 797 2101 fam.
821 2037 945 2118 collegit
976 2037 1057 2101 hanc
1079 2059 1220 2100 normam
1241 2043 1437 2118 sequeretur,
1468 2043 1504 2097 ut

173 2156 342 2237 respiceret
369 2155 411 2219 ad
440 2154 567 2219 nomina
594 2176 713 2234 eorum,
746 2157 800 2237 qui
829 2155 968 2237 singulas
995 2154 1145 2238 epistulas
1173 2157 1237 2220 sive
1262 2157 1418 2219 misissent
1441 2154 1504 2217 sive

174 2275 285 2338 missas
314 2275 519 2356 accepissent,
554 2282 659 2339 tamen
686 2276 799 2356 septies
824 2274 873 2338 vel
903 2275 998 2339 octies
1026 2275 1194 2352 commisit,
1219 2282 1255 2338 ut
1283 2273 1434 2356 epistulae
1463 2273 1504 2336 ad

174 2392 300 2455 eosdem
330 2391 422 2456 datae
451 2394 569 2475 partim
596 2394 629 2455 in
656 2392 715 2456 hoc
745 2394 860 2474 partim
888 2395 921 2455 in
947 2392 1001 2456 illo
1028 2392 1109 2457 libro
1136 2394 1321 2474 legerentur.
1366 2391 1504 2469 Quarum

176 2511 382 2592 epistularum
403 2510 454 2574 hic
475 2518 523 2574 est
544 2518 741 2593 conspectus:
764 2511 911 2593 leguntur
931 2511 1083 2592 epistulae
1105 2511 1161 2574 ad:

301 2628 359 2691 lul.
384 2627 548 2692 Caesarem
669 2630 761 2694 datae
789 2636 821 2694 et
842 2628 911 2692 VH.
953 2637 970 2690 ὁ
1070 2636 1102 2693 11
1139 2628 1223 2692 XIII.
1250 2635 1295 2690 15.
1332 2634 1378 2692 16.

302 2747 473 2810 Minucium
495 2747 665 2812 Thermum
712 2799 727 2824 „
792 2799 807 2824 „
869 2747 909 2810 11.
936 2752 971 2811 18
1078 2798 1094 2825 ‚‚
1138 2747 1222 2810 XIII.
1246 2752 1378 2809 ὀ3-ῑιῖ,

302 2864 478 2928 Munatium
500 2865 649 2930 Plancum
713 2918 728 2943 „
792 2918 807 2945 „
871 2865 910 2928 X.
935 2871 1036 2929 1-24
1079 2917 1095 2944 ‚‚
1139 2864 1223 2928 XIII.
1247 2870 1296 2928 29.

302 2982 443 3048 Servium
465 2983 635 3067 Sulpicium
711 3036 726 3062 „
791 3036 806 3062 ‚,
856 2983 911 3047 III.
936 2990 1059 3062 1-4,6
1081 3035 1095 3061 „
1137 2983 1222 3048 XHI.
1251 2988 1391 3070 11-281.

294 3099 453 3188 [Titium2'
716 3104 744 3180 „'
795 3154 810 3180 „
874 3102 911 3166 V.
938 3109 975 3166 16
1080 3155 1095 3180 „
1138 3102 1223 3166 XIII.
1249 3101 1308 3189 75).

304 3219 445 3285 Cassium
466 3220 641 3302 Longinum
714 3273 729 3298 „
793 3272 808 3299 „
871 3220 910 3284 X.
937 3226 1037 3284 1-12
1081 3273 1095 3295 ,.
1156 3220 1223 3284 XV.
1249 3225 1379 3284 111-19.

304 3339 346 3401 M.
369 3338 477 3403 Claud.
499 3339 681 3403 Marcellum
713 3391 728 3418 „
793 3391 807 3418 „
857 3339 910 3402 IV.
937 3344 1035 3402 7-11
1080 3391 1095 3417 ,,
1157 3338 1225 3402 XV.
1249 3344 1277 3402 9.

305 3457 494 3521 Trebonium
711 3509 726 3534 „
791 3509 805 3534 ‚.
869 3457 907 3520 X.
932 3462 970 3519 28
1077 3507 1092 3534 „
1156 3455 1222 3530 XV.
1248 3461 1304 3518 211·Α
1331 3460 1380 3517 21.

286 3576 425 3652 Quarum
442 3576 648 3658 epistularum
673 3598 770 3657 quum
784 3575 910 3640 Nakcus
936 3583 1019 3639 recte
1039 3583 1179 3638 moneret
1199 3574 1331 3638 alteram
1352 3594 1507 3654 quamquo

173 3695 302 3777 ‘partem
330 3695 461 3758 inveniri
489 3666 522 3757 11
549 3694 630 3758 libro
658 3703 714 3758 aut
740 3696 834 3758 tertio
864 3694 982 3758 decimo
1010 3701 1066 3756 aut
1092 3693 1201 3772 quinto
1230 3693 1349 3756 decimo
1376 3679 1512 3756 alteram

182 3835 247 3878 esse
270 3813 423 3876 librorum
442 3811 603 3890 1.·-x11.,
633 3835 688 3876 cur
709 3815 742 3875 id
763 3814 880 3877 tactum
901 3819 982 3876 essct
1005 3819 1123 3875 certam
1145 3833 1270 3876 causam
1291 3813 1507 3890 rationumque

180 3953 241 3996 non
262 3932 349 4009 vidit,
371 3952 472 4012 neque
493 3931 638 3995 viderunt
660 3932 772 4013 reliqui
794 3931 936 3995 homines
957 3930 1050 3993 docti.

236 4121 257 4187 ¹)
284 4119 316 4172 cf.
338 4119 423 4172 etiam
446 4116 640 4170 Schottmtiller
664 4115 788 4184 (Symbol.
814 4117 858 4183 ph.
883 4117 967 4168 Bonn.
995 4116 1070 4169 1864.
1097 4131 1157 4181 pag.
1175 4116 1243 4181 810).
1279 4114 1308 4166 Ρ.
1331 4113 1453 4168 Schmidt
1476 4114 1508 4165 do

180 4204 263 4259 Nonii
286 4205 413 4259 auctorit.
431 4219 542 4272 gramm.
560 4218 620 4270 pag.
637 4204 679 4256 92.
704 4233 727 4239 --
751 4201 795 4254 Sic
813 4200 925 4266 Nonius,
944 4203 975 4254 ut
992 4215 1079 4268 pauca
1098 4200 1209 4254 afferam
1226 4216 1287 4267 pag.
1305 4202 1346 4253 96,
1367 4201 1400 4253 32
1420 4199 1508 4264 verta,

180 4307 249 4359 quae
273 4295 337 4346 sunt
362 4307 377 4344 e
402 4289 539 4344 Ciceronis
562 4289 596 4342 de
621 4287 736 4342 Oratore
758 4288 815 4355 (III.
834 4288 878 4354 22)
901 4285 978 4338 libris
1003 4287 1036 4340 de
1059 4287 1130 4339 deor.
1154 4290 1211 4339 nat.
1236 4291 1264 4338 et
1288 4285 1344 4338 vice
1368 4301 1443 4338 versa
1468 4284 1509 4336 bis

180 4377 252 4445 (pag.
273 4379 328 4431 185.
350 4381 388 4442 11,
406 4378 465 4431 218.
485 4377 529 4444 25)
554 4391 622 4444 quae
647 4379 711 4427 suut
737 4389 753 4427 1
770 4373 839 4426 libro
856 4373 889 4425 Π.
908 4373 942 4426 de
956 4375 1013 4426 nat.
1031 4373 1102 4426 deor.
1120 4371 1197 4424 libris
1218 4372 1250 4424 de
1270 4371 1384 4425 Oratore
1403 4369 1509 4435 tribuit,

181 4479 253 4530 quae
276 4463 305 4514 in
324 4461 437 4516 Terenti
454 4463 560 4530 Hecyra
583 4462 711 4528 leguntur
729 4476 762 4513 ex
779 4458 965 4513 Heautontim.
990 4458 1059 4527 (pag.
1078 4459 1136 4512 318.
1155 4459 1208 4523 21),
1234 4473 1302 4524 quae
1328 4457 1357 4509 in
1376 4455 1509 4509 Aeneidos

180 4549 249 4602 libro
267 4548 307 4614 V.,
325 4564 341 4602 1
359 4547 496 4615 Georgicis
514 4547 584 4615 (pag.
602 4548 661 4602 318.
679 4548 723 4614 28)
741 4561 799 4599 esse
817 4546 959 4613 desumpta
976 4545 1041 4598 vult.

235 4651 260 4720 ²)
285 4651 378 4706 dehis
396 4651 520 4721 epistulis
537 4650 597 4704 vide
615 4666 683 4719 quae
700 4649 811 4703 Nakeus
826 4649 896 4718 (pag.
912 4650 929 4702 3
947 4652 1003 4702 not.
1026 4648 1068 4714 10)
1087 4645 1245 4715 disputavit.
