3376 5070
822 132 861 193 28

746 217 951 227 ——ss

170 394 311 458 seiuncta
343 393 386 457 sit
421 393 463 458 ab
498 393 600 482 altera
631 395 674 458 ad
710 396 848 479 eundem·
877 399 967 477 data,
1004 399 1053 462 oui
1086 400 1154 463 iuro
1183 401 1270 465 locus
1298 403 1404 464 estin
1432 401 1514 466 libro

170 511 240 589 ΧΠ,
270 532 373 575 nonne
400 520 527 596 praeter
549 511 673 578 Tironis
693 515 854 580 eonsilium
877 537 918 579 ex
938 517 991 581 illc
1015 517 1096 582 libro
1123 519 1156 581 in
1178 519 1263 583 hune
1285 521 1433 600 migrasse
1454 542 1514 605 pu-

171 631 271 694 tanda
292 632 363 694 est?

147 831 149 834 y
276 747 394 813 Eodem
422 748 515 813 modo
541 747 623 812 libro
651 748 706 812 XI.
736 752 915 835 praemissis
941 759 974 816 et
1002 753 1139 837 epistula
1168 754 1247 817 aD.
1270 755 1370 820 Bruto
1392 756 1508 820 Roma¹

170 865 212 929 ad
240 865 283 928 Μ.
305 866 439 930 Brutum
468 873 501 930 et
528 864 668 931 Cassium
699 888 798 953 prope
820 869 949 934 Romam
978 878 1129 952 vagantes
1158 878 1190 934 et
1220 873 1344 938 duabus
1372 873 1515 959 epistulis

171 1006 191 1047 a
212 984 251 1046 D.
276 984 377 1048 Bruto
399 992 431 1048 et
453 984 561 1049 Cassio
582 1005 600 1048 e
625 983 798 1069 Campania
823 987 866 1051 ad
887 987 930 1051 M.
955 988 1124 1054 Antonium
1148 990 1232 1054 datis
1255 989 1415 1056 Samnium
1439 999 1514 1055 tunc

170 1106 425 1187 percurrentem²
451 1110 628 1188 sequuntur
1168 1162 1172 1170 .

171 1221 226 1311 XI.
277 1226 381 1284 4-—26
403 1221 557 1306 epistulae
584 1244 604 1286 a
634 1219 782 1286 Cicerone
808 1222 851 1286 ad
880 1222 918 1285 D.
945 1222 1112 1289 Brutum
1148 1247 1185 1289 ac
1213 1247 1302 1290 versa
1329 1227 1394 1290 vice
1421 1226 1515 1290 datae

423 1359 474 1402 res
501 1340 535 1402 iu
565 1339 701 1404 Gallia
733 1340 941 1424 cisalpina
968 1348 1000 1405 et
1028 1344 1069 1405 in.
1089 1342 1227 1407 Gallia
1255 1343 1516 1408 Narbonensi

423 1464 528 1537 gestas
549 1465 741 1535 enarrantes,

260 1577 299 1635 27
321 1573 363 1636 ad
385 1572 528 1652 Matium,
554 1581 592 1637 28
617 1597 637 1639 a
659 1575 766 1652 Matio,
791 1580 830 1638 29
853 1574 895 1638 ad
918 1575 1063 1661 Oppium,

171 1692 227 1777 qui
250 1698 356 1754 utrum
379 1698 455 1754 tunc
478 1691 595 1756 Romae
616 1714 657 1756 an
679 1693 740 1756 alio
763 1692 830 1755 loco
852 1691 970 1755 fuerint
992 1695 1154 1774 cognitum
1174 1715 1237 1757 non
1258 1694 1389 1760 habeo.³

280 1808 363 1872 Utut
384 1808 444 1871 hoc
465 1815 521 1885 est
549 1816 656 1873 tamen
677 1811 730 1872 vix
751 1811 819 1886 erit,
842 1810 897 1894 qui
916 1808 1060 1873 Tironem
1084 1811 1242 1894 vituperet
1263 1820 1320 1875 aut
1341 1814 1427 1898 quod
1449 1820 1515 1877 tres

171 1927 242 1991 illas
269 1925 421 2010 epistulas
448 1928 566 1990 mutuis
588 1926 745 1991 Ciceronis
766 1935 799 1991 et
819 1927 912 1990 Bruti
934 1927 1077 2011 epistulis
1105 1929 1318 2011 praemiserit,
1347 1937 1404 1993 aut
1431 1929 1517 2014 quod

174 2045 232 2109 has
254 2046 288 2107 in
309 2044 371 2108 fine
391 2043 578 2123 adiunxerit
602 2066 697 2130 quum
711 2066 784 2108 *non
806 2046 848 2109 sit
869 2044 924 2108 ubi
947 2045 1059 2109 melius
1081 2044 1281 2109 collocentur.

173 2162 244 2226 XII.
282 2167 383 2226 1—10
405 2161 554 2244 leguntur
576 2162 733 2227 Ciceronis
754 2163 909 2248 epistulae
930 2163 972 2228 ad
995 2163 1171 2228 Cassium
1192 2164 1293 2242 datae
1324 2164 1460 2248 primum
1484 2164 1518 2225 in

424 2278 518 2344 Italia
546 2286 630 2366 (epp.
658 2279 750 2367 1-3)
780 2290 847 2346 tum
874 2283 908 2345 in
931 2281 1106 2346 Graecia
1133 2289 1231 2368 atque
1252 2284 1285 2345 in
1307 2281 1428 2365 Syria
1449 2302 1518 2345 ver-

427 2406 566 2476 santem3
589 2406 765 2484 sequuntur

261 2522 293 2578 ll
320 2522 352 2578 et
380 2520 412 2576 12
435 2536 456 2579 a
475 2514 581 2580 Cassio
610 2538 651 2580 ex
682 2521 792 2581 castris
829 2516 984 2583 Turiclmis
1013 2525 1045 2581 et
1073 2517 1143 2580 aliis
1171 2538 1214 2581 ea
1242 2519 1351 2581 rastris
1381 2515 1519 2599 Syriae

426 2635 604 2718 provinciae
625 2633 727 2711 datae
1429 2706 1433 2714 ,

261 2755 310 2814 13.
331 2749 386 2811 L.⁴
413 2749 530 2815 Cassi
551 2751 688 2835 epistula
709 2750 841 2835 Cypro
863 2772 883 2814 a
904 2749 1254 2833 Crommycacride
1273 2748 1358 2826 data

262 2874 301 2933 14
323 2876 357 2932 et
380 2875 418 2932 15
438 2867 473 2931 P.
490 2867 656 2933 Lentuli
681 2870 782 2950 Perpc
805 2889 822 2931 e
841 2867 1086 2953 Pamphylia
1107 2867 1209 2944 datae,

262 2992 301 3051 16
325 2985 498 3050 Treboni
517 2985 691 3051 Athenis
712 2987 796 3064 data

174 3141 177 3144 ·
263 3110 386 3169 17—30
416 3103 458 3167 ad
477 3102 744 3169 Cornificium
774 3103 848 3167 inde
869 3103 911 3166 ab
933 3122 1016 3166 anno
1040 3106 1099 3164 710
1122 3101 1298 3166 Africam
1328 3101 1518 3186 provinciam

429 3220 653 3285 obtinentem.⁵

176 3339 273 3404 Recte
300 3339 398 3420 igitur
425 3340 519 3402 etiarn
548 3338 643 3403 huius
671 3338 744 3402 libri
771 3338 924 3422 epistulae
951 3338 998 3401 ita
1019 3357 1053 3400 se
1074 3337 1242 3420 excipiunt,
1271 3343 1308 3398 ut
1329 3337 1431 3421 primo
1453 3336 1521 3400 loco

178 3458 336 3523 nominum
365 3477 471 3521 eorum
499 3457 580 3521 ratio
606 3456 717 3521 habita
745 3458 801 3533 sit,
836 3455 950 3541 quibus
971 3455 1156 3538 inscriptae,
1193 3453 1329 3517 secundo
1350 3456 1522 3536 regionum,

180 3577 264 3640 unde
286 3575 335 3639 vel
356 3595 419 3660 quo
441 3575 555 3638 missae
576 3582 660 3638 sunt.
762 3655 763 3658 Ἴ

283 3693 383 3770 Quam
418 3693 570 3758 rationem
605 3692 640 3754 in
673 3692 718 3755 eis
751 3697 875 3754 tantum
913 3687 1059 3773 epistulis
1093 3688 1294 3772 disponendis
1331 3691 1520 3775 sequendam

178 3812 286 3890 fuisse,
313 3832 449 3897 quarum
475 3811 553 3875 satis
582 3830 696 3891 magna
724 3809 814 3894 copia
834 3807 1006 3872 comndem
1026 3827 1181 3870 annorum
1202 3815 1299 3885 esset,
1327 3827 1523 3893 requerere

178 3938 287 4016 aptam
315 3930 358 3994 ad
382 3950 436 3994 eas
463 3929 628 4014 epistulas,
661 3948 742 4013 quae
768 3947 887 4011 paucae
916 3946 973 4010 per
1002 3923 1178 4008 complures
1198 3945 1297 3989 annos
1318 3947 1335 3990 e
1356 3926 1451 3990 variis
1471 3948 1522 3992 re-

236 4168 257 4236 Ι)
283 4164 317 4219 cf.
337 4165 470 4220 Schmidt.
486 4164 503 4218 l.
521 4181 543 4219 c.
561 4179 623 4232 pag.
644 4165 754 4219 13-16.

233 4273 246 4305 ²
281 4269 348 4323 ibid.
421 4271 480 4324 ,16
531 4309 537 4321 .

234 4273 258 4439 ’l
282 4373 315 4427 ef.
340 4285 463 4426 adadtt.
488 4285 546 4425 ill.
570 4373 594 4426 2.
613 4373 642 4425 3:
674 4368 779 4423 Matius
806 4383 839 4421 ac
862 4365 1021 4420 Portumius
1046 4369 1235 4434 procuratores
1263 4363 1387 4419 ludorum
1414 4365 1524 4420 Octavii

179 4457 248 4511 mihi
266 4474 320 4512 non
338 4458 456 4527 placent.
483 4456 550 4527 (XV.
568 4456 630 4510 Kal.
648 4455 707 4508 Iun.
727 4454 795 4516 710.)

235 4564 259 4629 ⁴)
283 4560 316 4615 cf.
335 4560 453 4635 Kreuss.
466 4560 521 4615 Cic.
539 4575 598 4628 epp.
615 4558 720 4612 emend.
738 4571 799 4625 pag.
818 4557 852 4610 36
871 4569 927 4623 sqq.

236 4665 259 4732 ὗ)
283 4664 340 4718 Hoc
358 4664 463 4718 dictum
481 4667 550 4732 puta
567 4663 602 4716 de
618 4659 746 4730 epistulis
765 4659 841 4714 1-8,
865 4659 905 4713 10.
926 4661 966 4713 14.
984 4659 1026 4713 20.
1043 4659 1086 4712 21.
1103 4658 1146 4711 22.
