3376 5070
740 143 946 237 ,Ξὶ-

169 409 287 490 perisse
315 407 520 471 statuendum
548 414 638 471 es‘s'et.
682 407 773 471 Nunc
802 428 874 471 voro
902 408 1028 488 praeter
1055 409 1207 490 epistulas
1228 400 1301 471 libri
1323 386 1407 471 XIV.
1432 409 1513 472 ullas

169 546 310 614 unquam
328 524 423 588 fuisse
438 524 539 589 editas
554 541 616 588 non
634 524 799 607 probabile
813 532 869 602 est,
891 525 1030 606 primum
1048 528 1124 606 quia
1144 526 1197 589 hic
1218 526 1299 589 liber
1321 521 1388 589 tam
1410 529 1514 590 tenuis

169 651 226 721 est,
255 651 292 706 ut
312 643 393 707 allae
415 644 568 725 epistulae
590 643 632 707 ad
651 643 783 707 eandem
805 643 906 720 datae,
935 645 960 706 si
985 664 1065 723 quae
1087 651 1214 726 praesto
1236 643 1376 721 fuissent,
1404 643 1513 726 procul

170 762 266 825 dubio
288 763 321 824 in
342 762 477 825 eundem
497 742 643 843 receptae
664 769 776 839 essent,
799 783 901 841 neque
924 783 995 825 eum
1017 763 1201 826 mutilatum
1223 784 1290 827 esse
1313 763 1386 825 inde
1401 762 1517 842 cognoss

169 881 276 957 scitur,
301 880 387 960 quod
408 882 440 942 in
462 901 498 944 ee
520 879 675 961 epistulae
696 878 745 943 vel
766 880 969 942 remotiorum
987 901 1142 943 annorum
1165 880 1255 966 (696)
1273 887 1415 944 servatae
1432 888 1515 957 sunt,

170 1005 203 1061 ot
224 1018 305 1078 quae
326 1006 485 1062 extremae
508 1006 590 1075 sunt,
613 1019 722 1061 revera
744 999 884 1061 omnium
899 998 1029 1062 ultimae
1044 999 1139 1062 datae
1156 1020 1224 1062 esse
1238 998 1395 1062 ridentur.
1434 998 1515 1062 Nam

171 1116 324 1197 epistulae
353 1121 400 1193 24,
429 1122 478 1192 73,
510 1120 553 1177 20
581 1137 663 1180 anno
688 1121 747 1178 707
769 1097 952 1194 Brundisio,
983 1117 1180 1199 epistulam
1209 1117 1273 1180 iam
1294 1117 1334 1180 de
1356 1116 1515 1180 Venusino

171 1234 314 1298 aTullio
345 1234 474 1296 domum
495 1233 646 1297 redeunte
673 1235 787 1298 missae
809 1242 891 1311 sunt,
922 1242 1032 1316 postea
1054 1256 1126 1298 vero
1149 1222 1300 1316 epistulas
1323 1235 1364 1298 ad
1386 1256 1516 1298 uxorem

171 1353 294 1416 dedisse
310 1373 372 1416 non
387 1351 548 1432 putandus
567 1359 622 1429 est,
645 1353 763 1434 quippe
780 1353 829 1415 oui
845 1359 877 1434 et
892 1354 1012 1416 occasio
1031 1361 1063 1416 et
1078 1354 1201 1416 animus
1219 1353 1356 1417 deesset:
1379 1354 1517 1434 primum

172 1472 255 1533 enim
277 1491 340 1532 una
362 1478 460 1548 erant,
482 1470 548 1534 sed*
560 1471 623 1566 iam
642 1471 785 1552 proximo
806 1484 899 1534 anne*
915 1470 1023 1534 Cicero
1044 1492 1114 1534 eam
1135 1471 1278 1548 dimisit,¹
1303 1493 1400 1552 quam
1421 1472 1517 1534 etiam

172 1589 320 1652 extremis
348 1587 398 1651 his
421 1588 563 1669 epistulis
575 1568 652 1651 tam
672 1587 843 1652 inhumane
864 1590 1028 1665 tractavit,
1057 1596 1094 1652 ut
1115 1590 1259 1653 nonnisi
1280 1574 1414 1652 invitum
1436 1610 1516 1666 eum,
1573 1631 1576 1635 >

172 1727 253 1786 quae
272 1707 408 1769 maxime
428 1707 604 1783 necessaria
624 1714 722 1783 erant,
745 1721 816 1769 oum
839 1724 882 1770 ea*
898 1707 1142 1770 communicasse
1163 1696 1326 1789 appareat.

277 1825 396 1900 Restat,
417 1829 454 1887 ut
476 1824 514 1887 710
537 1823 673 1905 epistula
695 1825 831 1904 quadam
856 1845 1053 1904 quaeramus,
1074 1845 1170 1905 quam
1186 1825 1254 1888 loh.
1271 1803 1516 1889 Saresberiensis

172 1943 256 2005 hunc
277 1944 309 2004 in
331 1943 460 2006 modum
488 1941 581 2006 affert
614 1941 693 2029 (Ed.
715 1941 851 2005 Masson.
874 1943 907 2004 in
928 1963 1043 2023 magna
1066 1942 1143 2005 bibl.
1166 1949 1248 2023 patr.
1265 1941 1411 2006 Coloniae
1438 1927 1528 2005 1072ἰ

172 2060 238 2137 XV,
261 2081 309 2141 ep.
339 2066 395 2123 179
419 2079 490 2141 pag.
515 2057 608 2144 558):
635 2059 741 2137 „Licet
760 2066 869 2143 autem
890 2061 1016 2122 omuino
1037 2060 1138 2137 sileas,
1159 2067 1192 2124 te
1213 2068 1328 2138 tamen,
1350 2068 1387 2124 ut
1408 2060 1516 2124 Cicero

173 2180 205 2240 in
229 2178 369 2259 epistula·
392 2178 434 2240 ad
456 2177 602 2240 Tironem
631 2176 671 2239 de
696 2161 801 2241 ‘amieo
828 2178 952 2256 scribit,
984 2179 1094 2258 utique
1122 2186 1154 2241 et
1181 2180 1214 2240 in
1243 2179 1388 2242 omnibus
1415 2178 1516 2242 habeo

173 2303 369 2372 excusatum,
401 2315 533 2377 ponens,
563 2296 589 2358 si
619 2295 746 2374 quando
774 2295 934 2359 distuleris
960 2283 1138 2374 0110111010,
1166 2297 1225 2359 tibi
1246 2298 1517 2378 opportunitatem
1626 2324 1630 2331 ·

172 2413 323 2490 defuisse,
351 2434 413 2476 non
441 2415 609 2476 animum.“
651 2413 738 2488 Quae
761 2413 870 2492 verba,
901 2414 1000 2495 quum
1028 2415 1061 2477 in
1092 2413 1173 2478 libro
1201 2413 1284 2477 XVI.
1308 2415 1516 2496 epistularum

173 2532 214 2594 asl
241 2531 313 2594 fam.
337 2553 399 2595 non
427 2533 637 2613 reperiantur,
666 2553 795 2613 prorsus
824 2533 943 2596 incerta
970 2555 1007 2596 ae
1035 2533 1150 2596 dubiae
1172 2533 1244 2596 lidei
1267 2554 1334 2596 esse
1358 2506 1513 2596 Orellius²
1579 2561 1581 2564 ·

173 2657 257 2714 reete
280 2658 395 2714 monet.
433 2650 544 2713 Plures
565 2649 649 2713 enim
672 2649 823 2732 epistulas
844 2672 864 2714 a
880 2650 1027 2714 Cicerone
1049 2651 1090 2714 ad
1103 2649 1253 2715 Tironem
1269 2651 1360 2715 datas
1375 2672 1516 2731 unquam

172 2769 373 2850 pervulgatae
396 2768 490 2832 fuisse
511 2769 627 2832 idcirco
649 2787 809 2849 negamus,
831 2770 906 2848 quia
927 2769 979 2832 hic
998 2768 1125 2832 libellus
1144 2770 1347 2833 tenuissimus
1363 2774 1418 2845 ost,
1441 2769 1517 2849 quia

172 2886 419 2967 epistulasinde
440 2887 482 2949 ab
502 2896 584 2949 anno
609 2889 668 2947 700
693 2886 777 2972 (epp.
800 2891 846 2972 10.
868 2887 1004 2972 13-16)
1025 2888 1189 2967 usquead
1210 2895 1378 2950 exeuntem
1398 2909 1516 2951 annum

176 3009 235 3067 710
259 3003 321 3091 (ep.
345 3003 400 3089 70)
428 3003 521 3066 datas
542 3003 695 3079 eontinet,
725 3004 801 3083 quia
823 3003 976 3085 epistulae
997 3025 1017 3067 a
1039 3003 1075 3082 Q.
1098 3003 1246 3069 Cicerone
1267 3006 1382 3068 missae
1403 3006 1516 3084 seriem

172 3121 356 3198 terminant,
384 3121 467 3184 unde
493 3120 611 3185 librum
636 3123 798 3202 integrum
822 3120 889 3185 esse
910 3121 1094 3203 colligimus.
1139 3121 1286 3186 Ceterum
1316 3106 1516 3205 praetereas

173 3239 338 3321 epistulas,
376 3259 456 3319 quas
489 3238 590 3302 etiam
614 3260 671 3303 nos
700 3239 908 3321 possidemus,
943 3240 1092 3304 homines
1112 3241 1221 3304 doctos
1248 3242 1371 3305 mediae
1399 3241 1514 3304 aetatis

171 3357 276 3422 nullas
296 3358 431 3434 novisse,
452 3356 508 3419 ubi
528 3377 602 3421 vero
624 3357 722 3421 libros
745 3353 787 3422 od
811 3359 951 3429 Calvum,
973 3359 1014 3422 od
1035 3361 1142 3443 filiuni,
1164 3358 1207 3422 ad
1228 3357 1321 3436 elice,
1355 3359 1410 3439 qui
1432 3360 1522 3422 nuno'

173 3496 234 3539 non
265 3482 393 3540 exstant
418 3475 567 3552 afferant,
603 3476 750 3540 notitiam
782 3475 824 3540 ab
859 3468 1234 3557 antiquis'seriptonbus
1261 3474 1408 3557 petivisse
1436 3477 1514 3540 satis

174 3599 325 3657 constat.³
648 3590 651 3596 ’

277 3709 339 3787 Eis,
362 3731 442 3790 quae
463 3711 557 3775 modo
579 3708 817 3792 disputatimus'
830 3704 1076 3792 comprobatum
1091 3722 1158 3777 esse
1175 3732 1293 3789 censeo,
1316 3704 1401 3792 quoti
1420 3732 1517 3793 supra

174 3829 346 3911 posuimus,
370 3828 522 3909 epistulas
542 3830 584 3893 ad
605 3828 679 3892 fam.
699 3836 843 3894 constare
865 3830 969 3892 exeis
993 3830 1150 3911 epistulis,
1172 3852 1253 3912 quae
1275 3830 1415 3911 singulae
1437 3829 1516 3892 lines

174 3949 267 4027 unius
287 3945 361 4009 libri
381 3967 444 4009 nou
463 3947 625 4010 excedant.
662 3948 767 4026 Atque
788 3946 839 4010 his
859 3920 991 4010 fortasse
1006 3947 1258 4010 adnumerandas
1280 3969 1347 4011 esse
1365 3947 1516 4029 epistulas

174 4066 216 4129 ad
238 4063 431 4141 Caerelliam,
459 4052 501 4128 ad
524 4063 703 4142 Hostilium·
730 4064 771 4128 ad
793 4063 964 4142 Metellum,
986 4065 1032 4129 ad'
1049 4063 1209 4141 Titinium,
1231 4065 1272 4129 ad
1295 4064 1451 4146 Gorgiam,
1474 4059 1515 4128 ad

174 4183 340 4259 Herodem,
362 4183 404 4247 ad
424 4181 573 4264 Pelopem
592 4183 656 4246 iam
676 4172 863 4266 monuimus.

176 4323 381 4331 ...u-...a

232 4387 255 4453 ¹)
280 4386 313 4438 ci.
332 4401 372 4452 ep.
391 4384 426 4437 ad
445 4381 509 4435 fam.
527 4383 573 4435 IV.
596 4385 637 4438 14.
657 4385 674 4437 2
692 4381 928 4436 0107017100ηο01
947 4381 992 4434 IV.
1011 4397 1071 4449 pag.
1091 4384 1150 4436 691.

232 4489 255 4555 ²)
280 4488 345 4542 hist.
364 4486 425 4541 crit.
443 4488 505 4554 epp
521 4486 601 4539 Tulli
614 4485 649 4539 ad
666 4486 730 4538 fam.
745 4501 806 4552 pag.
824 4485 897 4537 VIII.

229 4591 253 4658 ³)
272 4589 312 4642 0.
328 4590 412 4644 orem
429 4591 446 4642 1.
460 4607 482 4642 c.
495 4587 644 4655 000701,
667 4587 1003 4642 pannormiam
1021 4586 1070 4639 vu.
1083 4568 1125 4664 ai.
1138 4599 1199 4655 pag.
1214 4586 1273 4639 aaa.
1288 4600 1343 4659 sqq.
1378 4584 1516 4638 normann

176 4676 248 4743 „Iler
264 4675 393 4730 critische
406 4678 531 4744 Apparet
549 4693 582 4728 zu
598 4674 706 4728 Ciceros
719 4672 829 4728 Briel'en
844 4689 880 4726 an
895 4670 1006 4726 Atticus
1024 4670 1158 4739 geprllft.“
1176 4663 1270 4723 Berlin
1290 4663 1367 4725 1863.
1384 4686 1445 4738 pag.
1457 4671 1482 4725 3.

1306 4772 1348 4827 3*
