3376 5070
814 125 853 185 10

727 206 930 219 m

169 387 232 451 tius
266 407 416 468 quaerere
450 409 514 452 non
546 389 663 471 placet,
700 390 775 472 quia
804 396 877 473 post
902 388 1012 454 melius
1040 389 1247 476 intellegetur.
1289 388 1496 453 Nihilominus

170 505 299 586 singulis
319 505 395 569 locis
414 508 622 588 pertractatis,
643 509 698 588 qui
716 506 806 573 nobis
827 508 952 574 obstare
968 508 1161 586 videbantur,
1182 526 1250 572 rem
1270 508 1333 571 iam
1354 499 1498 571 adhunc

169 623 264 687 finem
292 616 475 705 productam
506 624 573 690 esse
600 646 774 704 censemus,
801 634 837 690 ut
864 633 988 708 praeter
1016 647 1112 691 unam
1138 625 1351 690 collectionem
1370 632 1497 690 cunctas

110 796 112 806 .
171 741 252 805 Tulli
274 742 424 824 epistidas
445 743 701 826 complectentem
724 745 857 809 alteram
877 745 971 812 fixisse
991 752 1075 812 certo
1097 745 1210 809 iudicio
1231 761 1387 826 negemus.
1411 783 1450 790 —

85 1060 87 1067 Ι
272 952 340 1042 Iam
356 979 569 1058 quaerendum
588 980 678 1045 nobis
692 988 747 1060 est,
769 1002 850 1062 quae
863 981 928 1045 fere
941 980 1035 1046 fuerit
1056 981 1150 1046 huius
1164 981 1353 1046 collectionis
1373 979 1498 1044 forma

170 1103 203 1161 et
229 1117 308 1178 quas
338 1103 444 1179 partes
472 1098 505 1160 in
533 1118 570 1162 ιι
598 1081 757 1164 tenuerint
785 1100 938 1182 epistulae
965 1100 1006 1164 ad
1035 1099 1108 1164 fam.
1149 1099 1254 1181 Atque
1274 1099 1334 1164 hoc
1355 1073 1498 1163 omnibns

170 1214 259 1278 libris
281 1236 441 1304 commune
465 1214 559 1280 firisse
580 1217 727 1296 vidimus,
755 1226 792 1282 ιιι
812 1219 1000 1300 compositae
1019 1225 1124 1283 essent
1151 1218 1303 1301 epistulae
1323 1236 1359 1282 co
1382 1218 1497 1295 ordine,

170 1340 206 1396 ut
241 1352 322 1414 quae
352 1332 490 1398 eiusdem
525 1336 661 1400 nominis
686 1344 789 1401 esseut
816 1309 884 1402 sese
910 1338 1097 1419 exciperent.
1140 1335 1281 1418 Apparet
1308 1335 1405 1417 igitur
1432 1357 1499 1399 rem

170 1452 272 1533 ipsam
295 1451 404 1517 tulisse
431 1459 468 1527 ut
494 1459 573 1520 tota.
590 1453 730 1519 collectio
751 1456 870 1519 variam
898 1457 1032 1538 speciem
1052 1455 1232 1537 praeberet:
1264 1453 1400 1518 named
1421 1452 1499 1517 alios
1616 1509 1621 1520 .

145 1643 146 1646 Ἴ
170 1569 263 1634 datae
291 1570 431 1652 singulae
459 1578 583 1635 tantum
610 1573 790 1650 exstabant,
820 1574 862 1637 ad
888 1574 965 1638 alios
991 1574 1137 1638 datorum
1165 1573 1302 1636 maxima
1322 1573 1411 1654 copia
1430 1571 1498 1636 luit

171 1687 204 1752 si
225 1710 298 1754 vero
327 1710 398 1754 oum
426 1691 486 1768 eis,
514 1711 648 1772 quarum
676 1691 850 1775 complures
877 1691 975 1756 libros
997 1693 1152 1756 exstitisse
1174 1697 1311 1769 constat,
1334 1690 1407 1757 ,dico
1429 1708 1500 1754 cum

170 1807 311 1889 epistulis
327 1808 369 1872 ad
386 1808 537 1885 Quintum
558 1808 695 1889 fratrem,
716 1811 759 1874 ad
773 1811 914 1876 Marcum
927 1811 1070 1888 Brutum,
1092 1811 1133 1875 ad
1147 1809 1294 1887 Hirtium,
1313 1808 1355 1873 ad
1366 1807 1500 1872 Pansam
1552 1810 1554 1816 '

170 1926 265 2015 ιιιιίι,
300 1926 484 1992 conferimus
513 1927 663 2009 epistulas
691 1929 732 1992 ad
759 1928 840 2007 fam,
874 1931 958 2003 inter
984 1929 1042 1994 has
1074 1928 1215 2012 nullas
1250 1947 1336 1992 esse
1370 1927 1499 2010 animo
1611 1980 1612 1983 ,

170 2046 366 2123 occurrit,
406 2061 503 2128 quac
536 2066 610 2111 uno
644 2046 751 2111 libro
787 2046 1007 2131 ampliores
1036 2050 1126 2113 sint.
1166 2045 1248 2111 Nam
1275 2045 1428 2128 epistulae
1455 2044 1497 2109 ad

172 2163 314 2228 Cassium
335 2164 518 2247 dispertitae
536 2165 609 2230 illae
630 2166 757 2248 quidem
778 2173 851 2230 sunt
873 2166 906 2229 in
927 2167 1006 2232 duos
1026 2166 1131 2244 libros,
1158 2185 1260 2246 neque
1281 2183 1354 2229 vero
1373 2163 1497 2239 idcirco,

171 2283 245 2363 quia
265 2302 328 2347 uno
349 2281 430 2348 libro
451 2284 602 2348 contineri
624 2285 811 2364 nequissent
834 2291 866 2350 et
885 2306 983 2366 quum
1002 2287 1035 2349 in
1056 2285 1138 2349 libro
1149 2283 1189 2347 II.
1202 2279 1332 2370 (8-16)
1346 2279 1497 2363 epistulae

170 2423 190 2466 a
210 2400 356 2466 Cicerone
377 2401 418 2464 ad
440 2400 579 2466 Caelium
601 2402 694 2467 datae
715 2403 817 2467 locum
836 2410 972 2482 teneam,
1002 2405 1082 2469 liber
1102 2401 1186 2466 VIII.
1208 2422 1261 2466 eas
1282 2400 1499 2483 complectitur

171 2540 250 2600 quas
280 2518 402 2584 Coelius
437 2519 478 2583 ad
509 2519 689 2585 Ciceronem
722 2503 826 2612 dedit
863 2521 966 2598 Quum
993 2543 1066 2587 vero
1091 2541 1245 2602 nusquam
1272 2517 1417 2582 tradatur
1443 2523 1498 2581 aut

169 2637 283 2702 harum
314 2625 520 2720 epistularum
553 2645 609 2702 aut
642 2639 846 2720 reliquarum,
875 2630 961 2728 *quas
994 2642 1027 2704 in
1054 2641 1138 2704 hunc
1165 2656 1329 2702 numerum
1355 2642 1498 2718 receptae

171 2763 252 2834 sunt,
274 2756 379 2838 plures
400 2777 539 2839 unquam
559 2756 657 2821 libros
678 2756 794 2838 ιιιίιιι,1
822 2757 904 2823 hanc
924 2759 1114 2824 collectionis
1134 2746 1257 2840 partem
1278 2776 1330 2819 eas
1349 2753 1499 2836 epistulas
1531 2797 1533 2801 -

171 2876 327 2939 contulere
347 2877 451 2941 nescio
471 2897 511 2940 an
532 2875 625 2940 liceat
646 2883 792 2954 statuere,¹
815 2898 896 2957 quae
918 2899 1016 2958 quum
1036 2876 1176 2959 singulae
1190 2896 1252 2939 non
1266 2873 1443 2938 sufficerent
1457 2871 1499 2936 ad

172 3013 263 3062 suum
294 3013 437 3076 quaeque
470 3015 582 3076 corpus
617 2994 820 3076 explendum,
856 3016 918 3061 uno
946 3017 1053 3061 omnes
1081 3015 1210 3077 corpore
1236 2999 1399 3074 congestae
1426 2991 1498 3054 sint.

173 3111 241 3188 Qua
271 3113 515 3211 rationeyetiam
542 3113 657 3195 optime
684 3112 877 3194 intelligitur,
913 3115 1068 3195 quomodo
1095 3112 1212 3177 iactum
1239 3113 1293 3188 sit,
1327 3117 1364 3174 ut
1392 3129 1500 3174 earum

171 3230 387 3312 epistularum,
404 3217 406 3220 ¹
421 3248 555 3312 quarum
581 3231 756 3314 complures
782 3231 879 3296 libros
906 3231 1001 3296 firisse
1027 3232 1209 3312 accipimus,
1237 3227 1322 3306 Axii,
1360 3227 1500 3291 Caesaris
1610 3317 1612 3320 Ι

170 3350 307 3427 iunioris,
326 3348 436 3427 'Calvi
469 3349 522 3427 fili,
555 3349 648 3428 Hirti,
682 3349 819 3433 Nepotis,
847 3349 975 3428 Pansae,
998 3349 1159 3430 (Caesaris,
1186 3345 1345 3428 Ροιιιιί)2
1379 3346 1438 3409 uisi
1468 3346 1501 3407 in

171 3467 252 3532 libro
280 3467 368 3546 XIII,
405 3467 509 3532 nullae
541 3469 624 3533 inter
657 3440 809 3551 epistulas
843 3469 884 3533 ad
912 3467 984 3532 mm.
1012 3468 1171 3549 legantur:
1208 3463 1290 3529 Nam
1319 3484 1419 3544 quum
1447 3464 1502 3544 qui

172 3586 321 3669 epistulas
340 3587 373 3650 in
393 3586 550 3651 volumina
569 3586 691 3668 redegit
709 3587 743 3650 id
763 3587 958 3671 potissimum
979 3593 1093 3669 ageret,
1122 3592 1159 3648 ut
1179 3583 1337 3666 epistulas,
1359 3603 1439 3663 quae
1461 3581 1502 3645 ad

171 3705 309 3772 eundum
322 3711 403 3783 sunt,
422 3726 485 3769 uno
506 3704 573 3769 loco
590 3705 762 3782 collocaret,
782 3711 866 3770 certe
879 3705 921 3770 ab
938 3705 998 3770 hac
1011 3704 1128 3787 regula,
1149 3723 1245 3784 quam
1264 3701 1324 3766 sibi
1345 3700 1501 3783 imposuit
1537 3687 1539 3691 ¹
1639 3769 1643 3779 ,

172 3846 231 3890 sua
252 3830 362 3907 sponte
384 3845 445 3887 non
467 3824 612 3888 recessit:
1182 3836 1184 3839 ’
1218 3809 1221 3812 ’

277 3942 359 4020 Quid
384 3963 457 4006 vero
484 3963 594 4006 causae
621 3941 714 4006 irrisae
741 3948 900 4022 putemus,
927 3961 983 4005 cur
1010 3939 1179 4020 aliquando
1207 3944 1314 4002 tamon
1341 3937 1400 4001 etsi
1430 3956 1502 3999 raro

171 4061 330 4126 recederet
364 4059 406 4125 ab
441 4058 502 4124 hac
533 4059 657 4142 regula,
694 4058 911 4123 difficillimum
944 4066 991 4123 est
1026 4058 1119 4122 dicta.
1180 4056 1313 4121 Prorsus
1342 4054 1426 4118 enim
1452 4074 1503 4116 rc·

59 4164 68 4173 ”
172 4179 293 4244 ioienda
321 4185 369 4243 est
395 4200 433 4242 ιι
460 4180 627 4256 sententia,
657 4198 738 4258 quac
765 4175 955 4241 aTeuffclio
978 4176 1012 4263 (l.
1034 4198 1061 4240 c.
1084 4196 1154 4259 pag.
1180 4172 1254 4260 276)
1276 4173 1453 4256 proposita,
1484 4192 1504 4234 ι

173 4298 346 4382 Leightone
373 4298 515 4379 exposita
542 4295 583 4360 ab
612 4317 648 4360 eo
675 4295 799 4359 homine
826 4295 932 4372 docto,
965 4296 1019 4376 qui
1056 4294 1096 4358 de
1123 4292 1216 4357 husius
1245 4290 1504 4356 commentatione

44 4472 46 4476 '
165 4470 251 4538 ῚΙ)
277 4470 326 4522 hoc
338 4483 392 4521 non
404 4451 493 4540 valere
513 4466 546 4518 de
558 4465 683 4535 epistulis
703 4462 768 4517 libri
786 4464 859 4517 XIII.
874 4462 904 4516 in
922 4468 1017 4532 aperto
1036 4468 1086 4518 est.
1116 4463 1157 4516 De
1181 4461 1276 4515 eadem
1296 4475 1326 4512 rc
1344 4458 1405 4511 vide
1423 4457 1503 4511 infra.
1627 4437 1630 4444 ¹

227 4574 254 4640 ²)
280 4565 371 4641 quum
384 4571 564 4638 epistularum
582 4570 635 4637 „ad
653 4569 813 4624 Gaesarem‘
831 4570 860 4620 at
877 4567 929 4633 „ad
947 4567 1119 4636 Pompeium“
1137 4565 1259 4632 singulae
1278 4566 1389 4618 tantum
1406 4562 1436 4614 in
1453 4562 1504 4615 hoc

174 4675 270 4730 corpus
284 4656 430 4726 migrarint
448 4657 497 4710 hos
513 4655 597 4709 libros
617 4653 675 4709 etsi
693 4656 773 4707 caute
790 4653 944 4706 adnumero.
1272 4680 1274 4685 ·
