3376 5070
829 137 869 199 22

745 224 950 234 ——-....

170 401 319 466 instituto
342 401 511 466 certiorum
532 409 659 479 tactum,
687 403 821 468 inscium
843 411 950 469 tamen
970 426 1051 489 quae
1072 404 1180 470 futura
1202 415 1284 472 esset
1305 407 1406 471 torma
1425 404 1520 471 huius

172 520 364 585 collectionis
392 521 436 583 sic
458 519 497 583 de
519 541 557 584 ea
578 519 715 583 locutum
740 542 814 599 esse,
843 522 892 586 vel
916 529 952 585 ut
974 522 1069 587 verbo
1092 523 1265 613 συναγωγή
1287 533 1438 602 uteretur,
1470 525 1519 589 vel

171 647 208 702 ut
224 660 293 703 eam
308 638 464 702 conferret
480 660 552 702 cum
569 638 631 702 alio
647 640 785 722 quodam
799 640 1161 726 epistularum'corpcra
1183 645 1268 728 quod
1290 622 1350 708 hcc
1364 643 1519 708 vocabulo

173 757 342 839 significari
378 756 505 820 solitum
540 765 631 821 esset.
680 758 731 820 Ad
758 779 839 841 quae
870 758 1049 823 Ciceronem
1078 762 1277 845 respondisse
1306 783 1344 825 ea
1376 761 1518 846 epistula,

171 896 268 960 qnam
289 896 317 938 a.
341 875 371 937 d.
393 873 462 938 VH.
484 875 531 938 ld.
556 875 681 952 Quinct.
708 882 766 939 710
790 878 885 955 dedit,
908 879 1021 962 quinta
1042 878 1114 941 libri
1139 878 1226 942 XVI:
1249 900 1378 942 suarum
1399 881 1519 963 epistu-

171 992 275 1057 larum
305 995 500 1077 (pronomine
530 995 686 1078 posscsivo
714 993 745 1056 vi
771 995 910 1079 quadam
937 997 1038 1080 primo
1067 995 1134 1059 loco
1164 997 1279 1080 posito)
1305 997 1428 1060 nullam
1453 1019 1519 1062 esse

175 1107 375 1197 συναγωγήν,
400 1113 456 1175 sed
478 1111 624 1175 Tironem
646 1111 764 1176 habere
786 1114 869 1177 circa
889 1115 1097 1198 septuaginta,
1121 1135 1199 1198 quas
1217 1115 1325 1198 paucis
1350 1113 1391 1177 ab
1412 1115 1519 1180 Attico

172 1231 332 1295 sumendis
354 1236 464 1293 auctas
485 1214 716 1313 pe1speotu1us,
744 1239 950 1308 correcturus,
973 1232 1116 1295 editurus
1139 1239 1236 1309 esset3
1268 1234 1423 1317 respicere
1446 1255 1518 1296 vero

171 1371 244 1413 eum
273 1348 315 1412 ad
345 1346 497 1432 epistulas
525 1348 811 1446 commendatitias,
842 1371 923 1434 quae
952 1371 1035 1413 nuno
1065 1350 1183 1413 librum
1206 1350 1289 1415 XIII.
1310 1352 1518 1437 epistularum

171 1468 213 1532 ad
240 1467 314 1532 fam.
343 1466 496 1542 efficiunt,
526 1466 667 1531 consulto
695 1474 803 1530 autem
829 1467 962 1531 reticere
988 1468 1126 1553 reliquos
1153 1469 1264 1548 libros,
1294 1473 1412 1556 quippe
1440 1492 1519 1556 quos

171 1594 248 1650 tunc
271 1585 411 1649 nondum
439 1583 683 1669 pervulgatums
705 1593 796 1649 esset.
840 1585 983 1669 Denique
1006 1585 1153 1650 Tironem
1175 1609 1227 1651 cas
1250 1590 1409 1672 epistulas,
1439 1611 1519 1674 quas

172 1704 279 1768 Cicero
309 1703 382 1767 inde
404 1703 446 1766 ab
474 1703 577 1766 medio
605 1724 687 1767 armo
720 1708 778 1766 710
805 1710 837 1767 et
866 1703 958 1767 daret
987 1712 1019 1767 et
1039 1707 1196 1788 acciperet
1218 1707 1328 1770 eodem
1351 1708 1460 1771 ordine
1485 1709 1515 1769 in

171 1844 229 1886 sua
259 1821 417 1885 volumina
444 1821 613 1904 recepisse,
647 1842 715 1885 esse
740 1829 847 1886 autem
875 1821 969 1884 huius
985 1822 1128 1885 'alterius
1149 1824 1340 1886 collectionis
1361 1823 1458 1887 libros
1482 1828 1516 1900 X,

173 1940 226 2018 XI,
251 1939 318 2017 XII,
340 1940 381 2003 ad
403 1939 445 2002 M.
468 1939 605 2002 Brutum
626 1938 651 2002 l.
677 1939 718 2002 11.

276 2058 394 2122 Utrum
427 2079 501 2121 vero
524 2057 631 2122 Cicero
661 2079 711 2133 co,
742 2059 827 2143 quod
855 2079 888 2123 se
915 2057 1072 2122 facturum
1100 2077 1167 2121 esse
1190 2057 1349 2140 promisit,
1379 2058 1516 2142 perlecto

171 2178 289 2241 librum
317 2176 360 2239 ad
390 2175 462 2239 fam.
488 2175 570 2253 XHL
599 2177 738 2260 primum
763 2184 861 2262 atque
888 2176 1070 2241 absolutum
1091 2175 1251 2252 volumen,
1280 2176 1348 2259 ipse
1375 2177 1516 2253 ediderit,

171 2317 212 2361 an
241 2294 368 2359 consilio
391 2301 514 2357 mutato
544 2292 650 2358 Tironi
682 2294 777 2390 simul
804 2316 877 2359 cum
904 2295 1033 2380 reliquis
1055 2295 1213 2359 edendum
1234 2293 1410 2372 tradiderit,
1440 2295 1518 2359 haec

171 2415 314 2503 quaestio
344 2411 491 2476 cohaeret
520 2433 591 2475 cum
619 2411 721 2476 altera
748 2413 788 2477 de
808 2414 941 2497 pristino
965 2435 1096 2477 numero
1115 2420 1212 2498 atque
1234 2411 1342 2475 ordine
1364 2412 1518 2477 librorum

72 2504 75 2511 Ι
171 2531 266 2594 huius
288 2531 426 2614 corporis
448 2531 512 2593 iam
531 2529 734 2626 instituenda.

280 2649 362 2712 Ante
389 2669 462 2712 vero
491 2669 593 2732 pauca
621 2648 793 2730 repetenda
821 2654 917 2732 atque
930 2648 1135 2733 expedienda
1157 2655 1239 2725 sunt,
1270 2669 1351 2732 quae
1373 2648 1414 2711 ad
1437 2648 1519 2710 hanc

173 2769 362 2831 sententiam
388 2787 485 2850 quam
506 2767 707 2850 exposuimus
729 2787 791 2830 non
812 2767 960 2830 videntur
982 2772 1059 2850 apta
1081 2787 1157 2830 esse.
1201 2765 1328 2829 Etenim
1349 2765 1518 2849 epistulam

172 2884 226 2948 lx.
251 2890 290 2946 '24
313 2884 355 2947 ad
378 2883 511 2948 Paetum
533 2892 667 2948 exeunte
690 2905 795 2948 mense
816 2883 988 2948 Februario
1015 2889 1068 2944 711
1096 2884 1206 2948 datam
1228 2889 1319 2947 extra
1338 2903 1519 2947 communes

172 3002 286 3087 prioris
308 3000 393 3066 illius
415 3002 555 3086 corporis
573 3001 651 3066 fines
674 3003 823 3067 excedere
845 3008 939 3067 antea
959 3003 1146 3079 monuimus,
1175 3018 1276 3086 neque
1298 3022 1379 3079 vero,
1408 3023 1464 3065 cur
1485 3001 1519 3064 id

172 3120 292 3185 factum
327 3128 410 3184 esset
448 3120 685 3205 explicavimus,
723 3142 822 3203 quum
857 3119 946 3184 facile
981 3119 1178 3184 intellectum
1208 3121 1247 3182 iri
1276 3119 1518 3198 arbitrabamur,

173 3237 267 3302 simul
289 3238 328 3301 de
348 3259 470 3302 summa
488 3240 532 3302 rei
551 3239 702 3303 iudicium
716 3245 884 3302 constaret.
917 3237 1051 3302 Videtur
1068 3246 1175 3302 autem
1193 3236 1271 3300 mihi
1289 3238 1367 3301 haec
1384 3238 1520 3322 epistula

172 3362 283 3441 postea
304 3355 432 3419 demum
453 3355 601 3420 aTirone
623 3378 695 3421 cum
717 3355 840 3421 duabus
862 3357 1014 3440 proximis
1034 3356 1145 3420 addita
1165 3376 1250 3432 esse3
1272 3377 1346 3419 nam
1364 3356 1518 3440 epistulae

172 3474 214 3538 ad
241 3473 375 3537 Paetum
407 3474 500 3538 datae
528 3495 627 3558 quum
655 3481 831 3539 extremum
858 3473 953 3538 huius
982 3473 1055 3537 libri
1089 3473 1193 3538 locum
1221 3480 1365 3537 tenerent
1393 3481 1517 3538 servato

173 3590 381 3676 epistularum
402 3592 511 3656 ordine
533 3599 705 3676 potuerunt
727 3593 771 3656 eis
792 3593 909 3672 augeri,
932 3613 1014 3677 quae
1035 3599 1108 3677 post
1129 3613 1166 3655 ea
1187 3592 1251 3655 sive
1273 3590 1433 3655 dabantur
1454 3593 1518 3656 sive

173 3710 422 3774 inveniebantur.
458 3709 563 3794 Atque
584 3709 644 3774 hoc
658 3731 767 3775 revera
786 3711 905 3775 iactum
920 3731 1018 3774 essee
1034 3717 1212 3794 temporum
1227 3711 1348 3774 ratione
1364 3731 1518 3795 apparere

173 3829 319 3906 arbitror,
354 3848 453 3912 quum
480 3849 591 3892 novem
618 3828 771 3912 epistulas
801 3829 843 3893 ad
870 3829 1005 3893 eundem
1030 3850 1112 3892 anno
1143 3832 1201 3888 700
1229 3828 1293 3891 sive
1325 3849 1432 3891 omnes
1454 3829 1518 3892 sive

173 3968 283 4012 earum
303 3953 387 4010 certe
411 3952 532 4030 septem
554 3946 607 4026 (de
626 3946 762 4011 duarum
785 3953 833 4024 ⁶21,
857 3953 896 4009 22
919 3953 1061 4031 tempore
1083 3967 1146 4009 non
1168 3946 1245 4009 satis
1266 3951 1402 4025 constat)
1427 3945 1519 4009 datas

173 4072 347 4150 sequantur
377 4064 455 4128 haec
483 4085 589 4128 mense
620 4063 713 4128 Febr.
744 4071 812 4142 711,
840 4065 986 4128 vicesima
1017 4065 1130 4149 quinta
1157 4062 1249 4127 Febr.
1279 4068 1347 4141 701,
1365 4065 1519 4128 uicesima

176 4191 267 4247 sexta
289 4181 416 4246 Octobr.
442 4187 500 4245 701
523 4183 646 4247 missae.

281 4300 339 4364 Vel
365 4301 468 4363 miuus
497 4300 675 4365 oflensmnis
702 4299 839 4364 alterum
868 4299 928 4364 hoc
949 4321 999 4364 me
1020 4300 1122 4364 iudice
1143 4299 1292 4384 praebet,
1321 4299 1406 4383 quod
1435 4300 1519 4362 inter

175 4420 346 4501 nonaginta
372 4426 438 4482 tres
465 4419 617 4503 epistulas
644 4418 797 4481 librorum
828 4419 863 4495 X,
885 4417 936 4495 XI,
960 4418 1028 4482 XII.
1058 4426 1124 4482 tres
1153 4418 1309 4498 leguntur,
1336 4438 1417 4500 quae
1444 4422 1519 4480 ante

173 4558 312 4602 mensem
340 4535 459 4600 Maium
488 4538 563 4599 1111111
593 4541 652 4598 710
681 4536 776 4601 datae
806 4543 880 4600 sunt
909 4535 1083 4620 (17-19).
1128 4535 1241 4598 Omnia
1269 4536 1352 4598 enim
1379 4535 1458 4599 bene
1486 4556 1520 4599 se

174 4654 302 4733 habent,
330 4654 357 4718 si
384 4655 530 4740 ponimus
551 4654 698 4719 Tironem
723 4655 780 4718 has
810 4662 875 4718 tres
896 4654 1047 4739 epistulas
1067 4655 1243 4739 repperisse
1264 4654 1368 4738 priore
1389 4674 1520 4737 corpore
