3376 5070
832 123 868 181 31

752 205 956 214 --.--

63 455 67 460 ,
181 384 290 448 iecisse
311 381 432 446 ferunt¹
458 385 652 447 laudandam
676 385 910 457 adulescentem,
934 386 1124 456 aeneadum,
1146 385 1312 447 tollendum
1337 403 1466 467 prorsus
1488 403 1528 446 ex

182 502 249 566 eius
272 501 376 565 animo
396 500 513 564 dietum
538 508 596 565 est.
640 501 733 566 Unde
754 508 859 566 autem
885 509 1015 586 apertae
1040 502 1221 566 inimicitiae
1244 499 1327 563 Tulli
1356 506 1388 563 et
1417 499 1528 563 Octavi

182 621 306 683 initium
334 620 475 704 ceperint
500 620 642 700 cognosci
670 619 809 683 arbitror
836 641 854 683 e
877 618 1007 684 Suetoni
1033 619 1138 684 verbis
1166 619 1245 683 haec
1275 619 1441 682 memoriae
1462 624 1528 681 tra

183 739 305 803 dentis:
328 738 396 816 (vit.
410 735 532 801 Octavii
554 736 608 823 26)
632 730 835 802 Consulatum
860 741 1005 802 uicesimo
1029 758 1115 801 ansno
1137 740 1250 801 irsaasit
1274 733 1452 823 (Octavius)
1470 737 1530 799 aa·

184 860 275 921 ruralis
299 858 450 921 hostiliter
470 857 510 919 ad
532 858 640 919 urbem
664 833 846 935 lupicinius,
875 858 1048 938 missisque,
1071 858 1126 937 qai
1146 857 1205 920 siti
1227 858 1352 918 isanriae
1374 857 1529 918 enerettns

185 976 399 1056 deposcerem
434 993 505 1036 eum
541 974 661 1054 atridem
693 984 857 1036 cunctante
883 984 994 1037 senatu
1025 972 1187 1037 Cornelius
1216 975 1357 1036 centurio
1385 975 1528 1053 prirereps

185 1094 346 1173 lepatiouis
368 1094 480 1154 reiecta
503 1094 614 1170 scapulo
638 1092 798 1154 ostendens
822 1093 917 1171 platlii
938 1094 1084 1173 capulum
1108 1111 1172 1153 aaa
1194 1091 1361 1154 dubitasset
1384 1092 1416 1152 in
1440 1090 1530 1151 curia

184 1212 302 1273 elicere:
331 1211 379 1272 lie
404 1211 508 1292 faciet,
535 1210 564 1270 si
590 1227 648 1271 aas
673 1228 737 1272 noa
765 1211 910 1292 feceritis.
953 1207 1004 1270 Ad
1032 1207 1114 1270 hanc
1142 1227 1206 1271 rem
1230 1207 1365 1270 Plancus
1393 1206 1529 1289 respicit,

185 1347 281 1412 quum
311 1325 388 1389 dicit
418 1325 472 1408 (ad
493 1323 566 1388 fans.
589 1323 628 1387 X.
651 1330 700 1387 04.
723 1323 774 1411 4):
814 1347 912 1408 aeque
941 1329 988 1390 ille
1017 1324 1159 1404 (Caesar)
1182 1328 1345 1389 intermisit
1367 1328 1530 1409 affirmare

184 1465 216 1508 se
244 1448 309 1508 sisse
337 1465 430 1508 irrora
454 1447 568 1516 aerelre,
597 1464 695 1525 quum
720 1445 842 1507 interim
864 1463 1010 1508 auersum
1033 1445 1117 1507 illam
1140 1445 1179 1506 ab
1203 1446 1260 1507 aaa
1282 1446 1468 1523 capitatione
1489 1443 1531 1506 aa
1631 1466 1635 1471 ·

184 1565 247 1627 alia
277 1564 407 1626 coresilia
435 1563 522 1626 uideo
546 1582 577 1624 se
600 1565 765 1626 contulisse
787 1568 820 1624 et
850 1563 870 1640 ξ
895 1566 931 1623 6:
973 1560 1064 1637 (letae
1090 1581 1175 1624 tereres
1199 1582 1280 1631 eunt,
1308 1573 1363 1624 out
1393 1579 1531 1641 aetorum

185 1683 330 1750 entnttta,
360 1700 380 1742 a
406 1689 494 1742 torua
516 1683 633 1759 aleria,
662 1681 720 1742 siti
740 1699 814 1742 aero
837 1681 928 1742 etiam
947 1681 1129 1742 necessaria
1150 1699 1188 1742 ac
1208 1681 1359 1752 salutari,
1387 1679 1530 1741 avocarit
1560 1745 1562 1749 ,

185 1808 212 1862 et
234 1800 275 1861 aa
297 1801 517 1878 temtationem
539 1801 721 1861 eortsulatus
746 1798 897 1860 linrestris
926 1816 1049 1859 samma
1082 1817 1152 1860 curte
1177 1808 1298 1861 terrore
1319 1799 1481 1860 lrorainum
1503 1805 1531 1858 et

185 1919 306 1980 insulsa
328 1936 398 1979 cum
421 1917 644 1998 efflauitatione
667 1917 870 1987 transtulerit,
893 1925 1047 1995 exputare
1069 1935 1135 1977 reon
1156 1934 1296 1996 passum,
1339 1912 1528 1996 Inscriptum

185 2041 234 2098 est
260 2033 414 2117 epistulae
442 2033 526 2096 unde
554 2032 633 2096 haec
660 2032 828 2114 desumpta
855 2037 930 2094 sunt
961 2031 990 2091 t.
1020 2032 1087 2096 Kal.
1116 2032 1200 2096 Seat.
1231 2035 1280 2118 (ll
1293 2030 1322 2117 l)
1352 2053 1393 2097 ea
1421 2034 1530 2095 castris

188 2151 242 2228 (ad
269 2148 387 2212 Isaram
415 2147 575 2226 flumem),
605 2155 740 2232 apparet
766 2156 870 2213 autem
902 2148 1045 2213 everbis
1072 2153 1192 2215 insulsa
1216 2171 1287 2214 cunt
1309 2152 1531 2234 efflapitatioae

188 2266 346 2342 Plancum,
375 2265 448 2328 darn
480 2265 558 2329 haee
586 2266 747 2349 scripserit
773 2287 834 2330 non
864 2268 962 2331 solum
991 2267 1031 2330 de
1054 2267 1164 2331 Octavi
1186 2267 1328 2345 oonsilio,
1358 2268 1529 2331 sedetiam

187 2384 227 2448 de
249 2383 382 2448 audacia
402 2384 589 2448 instructum
612 2383 715 2461 firisse,
737 2405 802 2469 qua
822 2384 918 2465 legati
939 2387 1006 2450 eius
1021 2385 1138 2449 Romae
1155 2387 1205 2450 usi
1227 2393 1340 2450 essent.
1377 2385 1529 2462 Quoniam

187 2524 260 2567 vero
279 2502 444 2567 tabellario
466 2502 508 2566 ad
528 2501 589 2566 hoo
609 2502 671 2565 iter
691 2501 914 2568 conficiendum
933 2526 996 2568 non
1016 2505 1117 2568 minus
1138 2505 1395 2589 quatuordeeim³
1417 2502 1529 2567 diebus

186 2642 265 2706 opus
286 2627 369 2697 erat,
399 2621 501 2706 pridie
522 2619 598 2685 Idus
621 2620 809 2699 QuinctileS,
838 2621 887 2686 sel
909 2623 1004 2707 paulo
1023 2630 1117 2686 antea
1140 2622 1303 2686 Octaviani
1325 2622 1446 2703 legatas
1466 2629 1531 2685 tam

186 2740 337 2804 atrociter
355 2741 388 2803 in
411 2741 499 2804 curia
520 2741 620 2822 egisse
641 2740 824 2821 colligimus.
863 2739 962 2816 Quam
986 2740 1028 2804 ad
1049 2741 1318 2806 ratiocinationem
1334 2741 1529 2826 aptissimum

188 2864 244 2933 est,
272 2857 359 2940 quod
387 2858 420 2919 in
450 2857 510 2920 hoo
529 2878 644 2941 eorpus
665 2858 754 2920 nulla
778 2856 936 2921 Ciceronis
957 2858 1094 2942 epistula
1113 2866 1241 2943 recepta
1261 2866 1317 2937 est,
1345 2880 1427 2945 quae
1447 2858 1532 2922 hune

189 2973 355 3037 terminum
382 2973 645 3054 transgrediatur.
687 2973 767 3037 Nam
796 2975 823 3038 si
851 2981 977 3060 tempus
1003 2997 1110 3040 earum
1132 2977 1347 3062 epistularum,
1376 2999 1457 3062 quae
1477 2998 1532 3040 ex·

188 3097 308 3155 tremae
329 3098 411 3168 sunl,
432 3092 653 3176 componimus
674 3091 769 3156 datae
791 3100 882 3157 sunt:

231 3225 382 3289 Planco
404 3225 443 3287 X.
468 3230 517 3287 ·.)·2.
539 3226 667 3290 ineunte
690 3246 730 3290 m.
754 3226 879 3303 Quinot.
901 3249 944 3291 or.
967 3249 995 3291 a.
1018 3229 1048 3291 d.
1068 3227 1107 3291 V.
1129 3228 1195 3291 tat

231 3343 382 3408 Furnio
403 3342 441 3405 X.
465 3348 514 3439 04.
537 3351 671 3408 exeunte
695 3366 733 3409 m.
755 3344 845 3409 Iunio
867 3347 933 3410 sive
954 3347 1082 3410 ineunte
1104 3346 1230 3424 Quinct.

231 3463 360 3547 Appio
379 3463 418 3525 X.
443 3468 493 3525 29.
517 3462 619 3547 pridie
640 3462 720 3528 Non.
744 3463 869 3540 Quinct.

232 3580 270 3641 D.
291 3580 415 3645 Bruto
437 3580 492 3644 XI.
514 3588 560 3644 lsi.
583 3604 626 3646 or.
649 3604 678 3647 a.
693 3581 725 3644 d.
741 3580 779 3645 V.
801 3580 848 3644 Id.
873 3581 997 3660 Quinct.
1022 3581 1074 3664 (cf.
1098 3581 1196 3646 Nake.
1219 3581 1325 3645 lahrb.
1350 3602 1420 3665 pag.
1444 3583 1529 3662 660).

230 3697 354 3761 Matio
376 3697 431 3760 XI.
456 3703 506 3761 at.
529 3699 566 3762 V.
590 3699 660 3764 Kal.
683 3699 753 3763 Iun.

232 3814 265 3878 C.
287 3815 426 3879 Cassio
451 3815 520 3879 XII.
547 3823 592 3880 10.
615 3818 711 3903 paulo
733 3824 806 3902 post
825 3817 926 3902 pridie
949 3815 1019 3880 Kal.
1044 3817 1169 3894 Quinct.

219 3932 464 3998 Cornificio
485 3932 556 3997 XII.
580 3941 629 3998 30.
653 3943 787 4000 exeunte
810 3956 849 3998 m.
872 3933 966 3997 Man.

246 4174 267 4236 ¹)
287 4169 324 4222 ad
342 4168 405 4222 fam.
423 4170 469 4224 Xl.
489 4173 530 4226 20.
552 4173 574 4224 l.

243 4275 268 4343 ²)
292 4273 379 4328 Nake.
414 4273 507 4341 Progr.
526 4290 587 4342 pag.
606 4275 648 4328 38.

243 4379 267 4445 ⁸)
291 4378 348 4432 Ioh.
370 4378 405 4431 de
430 4377 542 4431 Gruber.
566 4377 584 4430 l.
609 4393 632 4430 c.
656 4392 717 4445 pag.
740 4377 775 4431 35
799 4381 829 4430 ot
846 4375 932 4430 Nake.
956 4376 1049 4444 Progr.
1066 4393 1128 4445 pag.
1147 4378 1162 4430 t
1181 4375 1336 4443 quindecim
1361 4373 1417 4426 fere
1435 4371 1531 4424 diebus

188 4461 321 4529 epistulas
336 4464 426 4517 Roma
442 4463 472 4516 iu
489 4462 587 4517 Planci
603 4468 697 4516 castra
714 4462 836 4530 perlatas
855 4477 915 4515 esse
932 4463 1039 4515 docent.

243 4565 267 4632 ⁴)
291 4569 353 4632 post
370 4566 466 4619 Planci
483 4571 512 4620 et
530 4565 611 4620 Bruti
629 4564 848 4619 coniunctionem
866 4581 903 4618 cr.
920 4581 945 4617 a.
964 4565 990 4616 d.
1003 4565 1049 4617 XI.
1068 4564 1128 4617 Kal.
1145 4562 1253 4630 Quinct.
1271 4561 1377 4615 factam
1395 4560 1439 4626 (of.
1454 4559 1533 4612 Nake

188 4649 278 4703 lahrb.
295 4664 357 4718 pag.
375 4651 445 4719 663).
