3376 5070
833 139 882 198 27·

750 219 951 235 —a—-n

182 405 359 469 accuratius
381 403 595 486 cognoscimus
617 404 794 482 terminum
817 425 880 489 quo
897 403 970 468 Tiro
993 403 1109 467 librum
1127 403 1388 488 XV..absolrerit,
1411 405 1528 469 librum

184 522 254 585 XII.
279 543 465 607 componere
487 523 671 585 instituerit.
714 521 824 606 Neque
846 543 919 587 vero
940 522 1073 586 eandem
1095 543 1222 586 causam
1244 543 1326 601 esse,
1354 545 1410 586 eur
1431 525 1528 587 etiam

182 640 336 725 epistulae
358 639 397 702 X.
417 639 590 704 18111111.
611 647 644 702 16
667 640 735 704 1010
761 640 936 704 disiunctae
958 642 1029 718 sint,
1053 642 1130 704 satis
1147 649 1289 726 apparet,
1310 662 1409 726 quum
1430 641 1528 705 libro-

181 780 253 822 rum
275 758 312 835 X,
335 758 388 835 Xl,
410 758 480 821 XII.
503 779 633 842 prorsus
655 758 787 822 eandem
809 759 1019 822 conditionem
1039 757 1134 823 fuisse
1151 759 1242 823 nobis
1260 760 1302 822 sit
1320 760 1527 843 exploratum.

182 878 287 962 Atque
310 877 435 940 omnino
458 876 553 940 huius
574 878 620 940 rei
642 877 668 940 si
688 898 750 940 non
772 878 890 940 iustam
911 898 1038 941 causam
1060 884 1095 939 at
1111 883 1231 940 certam
1246 878 1403 941 rationem
1418 899 1529 961 possu-

141 1045 144 1050 .
181 1016 251 1058 mus
278 1014 466 1079 proponere,
498 1015 562 1078 qua
589 995 771 1079 explicetur,
802 994 850 1057 vel
879 1002 1054 1058 excusetur.
1097 994 1223 1058 Etenim
1245 995 1271 1058 si
1293 994 1392 1059 libros
1414 995 1452 1072 X,
1475 994 1528 1074 XI,

183 1113 251 1184 XII.
282 1113 510 1196 componimus,
540 1112 600 1175 hoc
627 1112 794 1176 discrimen
822 1114 905 1176 iuter
933 1134 986 1176 eos
1014 1113 1207 1176 intercedere
1236 1112 1309 1176 licet
1338 1133 1529 1193 cognoscere,
1653 1180 1657 1186 ,

182 1231 266 1315 quod
303 1231 366 1293 duo
391 1231 513 1315 priores
545 1229 702 1294 Ciceronis
731 1252 902 1316 eorumque
930 1239 1057 1294 mutuas
1086 1231 1238 1316 epistulas
1267 1232 1442 1308 continent,
1474 1234 1528 1316 qui

162 1328 258 1413 ¹tunc
288 1356 320 1412 et
349 1349 382 1411 in
412 1355 548 1432 utraque
580 1348 684 1413 Gallia
711 1357 744 1412 et
771 1351 804 1411 in
836 1349 1003 1434 Hispania,
1039 1349 1122 1413 liber
1143 1349 1213 1412 XII.
1244 1350 1395 1433 epistulas
1420 1371 1530 1414 eorum

181 1477 214 1531 et
241 1468 283 1530 ad
309 1488 362 1530 eos
384 1467 483 1544 datas,
513 1469 565 1551 qui
589 1469 710 1531 sivein
734 1468 873 1546 Graecia,
903 1469 967 1534 sive
990 1469 1021 1530 in
1044 1468 1127 1545 Asia,
1156 1469 1272 1532 sivein
1296 1467 1401 1532 Africa
1422 1490 1528 1533 versa-

183 1586 307 1650 bantur.
354 1585 470 1648 Verum
492 1592 667 1670 exponetur
691 1585 751 1650 hoc
772 1587 949 1651 accuratius
971 1608 1033 1650 non
1056 1593 1122 1650 tam
1144 1587 1238 1649 unius
1259 1585 1354 1650 huius
1375 1587 1530 1672 epistulae

181 1705 291 1785 gratia,
313 1725 412 1788 quum
434 1712 471 1766 ut
492 1703 743 1768 demonstremus
764 1706 880 1769 iniuste
901 1703 1003 1769 facere
1025 1725 1086 1782 eos,
1108 1706 1163 1789 qui
1182 1725 1245 1768 non
1263 1705 1410 1768 desinant
1424 1704 1530 1768 Tironi

180 1843 335 1886 summam
358 1823 390 1884 in
412 1822 556 1906 epistulis
578 1823 782 1906 disponendis
804 1823 1029 1903 negligentiam
1050 1823 1171 1885 crimini
1193 1823 1280 1886 dare.

283 1939 395 2025 ltaque
424 1948 461 2003 ut
488 1941 641 2025 epistulas
669 1942 766 2004 trium
794 1940 909 2004 horum
936 1939 1091 2004 librorum
1119 1942 1267 2025 deinceps
1294 1960 1529 2024 persequamur,

181 2058 274 2122 datae
296 2066 389 2122 sunt:

179 2175 219 2240 X.
245 2181 389 2240 1-141
415 2175 564 2239 Planco
601 2181 634 2238 et
668 2175 710 2237 ad
737 2174 890 2239 Plancum
928 2175 1102 2240 Galliam
1138 2175 1437 2260 transalpinam
1474 2175 1530 2239 ad-

436 2295 679 2356 ministrantem.

247 2417 284 2475 25
308 2419 341 2475 et
363 2417 401 2474 26
432 2412 473 2475 ad
500 2410 709 2488 Furnium,
745 2410 853 2474 Planci
885 2410 1025 2491 legatum
1059 2409 1111 2495 (cf.
1135 2411 1173 2472 X.
1200 2416 1228 2474 8.
1254 2416 1285 2490 b)
1315 2411 1432 2474 ibidem
1462 2434 1531 2475 ver-

437 2536 569 2594 sautem.

247 2653 284 2710 27
308 2648 349 2711 ad
371 2648 581 2732 Lepidum,
605 2648 659 2733 qui
680 2654 756 2710 tunc
779 2646 941 2710 Galliae
963 2644 1220 2709 Narbonensi
1242 2654 1398 2730 praeerat.

236 2764 286 2851 [28
309 2765 351 2829 ad
373 2766 622 2829 Trebonium
643 2763 800 2829 consulari
821 2765 954 2848 imperio
969 2763 1162 2847 provinciam
1179 2764 1313 2827 Asiam
1335 2764 1531 2828 obtinentem

438 2882 488 2958 (cf.
510 2881 592 2943 Phil.
615 2879 684 2966 Ill.

250 3001 288 3057 ‘29
311 2995 353 3059 ad
375 2997 549 3081 Appium
572 3018 620 3081 pr.
643 2996 722 3060 Non.
747 2995 872 3072 Quinct.
896 2999 965 3072 711,
996 3017 1058 3079 qno
1080 3004 1221 3082 tempore
1243 3001 1370 3062 eumin
1394 2999 1532 3064 Gallia

436 3115 638 3200 cisalpina
660 3115 754 3178 firisse
776 3113 913 3198 epistula
933 3111 988 3176 XI.
1012 3120 1051 3175 2⁴2
1074 3115 1233 3179 docemur.

248 3237 287 3294 30
311 3255 331 3294 a
353 3231 481 3296 Galba
503 3255 541 3296 ex
563 3233 674 3296 castris
696 3232 738 3295 ad
758 3231 967 3295 Mutinam.

248 3357 283 3412 31
315 3357 347 3413 et
368 3355 408 3413 39
431 3351 473 3414 ab
493 3350 637 3414 Asinio
658 3349 841 3414 Pollione
864 3349 1088 3414 Cordubae.

247 3473 287 3531 33
310 3468 351 3531 ab
374 3469 480 3534 eodem
506 3490 545 3532 ex
568 3468 768 3553 Hispania
788 3467 1007 3533 111111011.
1104 3537 1108 3544 ,

247 3591 447 3649 3411311
475 3585 627 3670 Lepido
661 3607 700 3649 ex
728 3587 840 3650 castris
869 3587 911 3650 ad
937 3586 1067 3650 Pontem
1097 3586 1287 3666 Argenteum
1320 3587 1366 3673 (in
1398 3585 1530 3649 Gallia

437 3702 720 3781 Narbonensi).

289 3818 402 3905 ltaque
431 3841 526 3904 quum
550 3820 623 3885 Tiro
652 3823 768 3906 optime
796 3842 860 3885 rem
891 3823 937 3884 ita
965 3821 1155 3898 instituerit,
1184 3828 1221 3884 ut
1241 3819 1385 3905 epistulis
1414 3827 1478 3882 1-
1491 3826 1531 3883 30

184 3946 379 4014 enarrentur,
400 3958 606 4023 quaecunque
628 3961 727 4024 prope
749 3938 903 4002 Mutinam
928 3940 1013 4001 etin
1036 3945 1172 4022 utraque
1195 3938 1299 4002 Gallia
1320 3938 1532 4022 1111111111-

185 4055 277 4118 stulis
298 4061 423 4118 31-33
446 4058 579 4139 quaein
600 4059 760 4140 provincia
780 4055 941 4141 Hispania,
961 4063 1088 4140 praeter
1104 4057 1367 4140 exspectationem
1391 4063 1531 4122 extremo
1559 4039 1563 4046 Ι

184 4172 252 4238 1010
273 4175 474 4258 reperiuntur
495 4175 607 4237 iterum
633 4175 787 4258 epistulae
809 4196 826 4238 1
851 4174 955 4238 Gallia
970 4173 1166 4238 Narbonensi
1188 4174 1289 4249 datae,
1311 4174 1359 4236 ita
1377 4181 1414 4236 ut
1436 4174 1530 4238 ctiam

185 4290 245 4355 hac
266 4292 305 4355 de
328 4312 422 4356 causa
444 4312 497 4354 eas
518 4298 628 4375 postea
649 4291 772 4356 demum
796 4272 820 4356 a*
838 4292 951 4356 Tirone
971 4293 1003 4355 in
1025 4291 1087 4354 fine
1108 4290 1220 4354 affixas
1242 4312 1309 4354 csse
1329 4292 1479 4356 dicamus.

290 4409 391 4491 Magis
420 4410 512 4473 etiam
543 4409 683 4473 ordinem
714 4410 918 4493 epistularum
951 4408 1086 4473 Treboni
1122 4408 1177 4472 illa
1212 4409 1337 4486 turbat,
1372 4430 1471 4494 quum
1498 4411 1531 4472 in

187 4528 294 4591 Asiam
322 4528 418 4591 missa
449 4529 531 4591 inter
560 4548 612 4591 eas
633 4528 824 4612 reperiatur,
852 4549 933 4613 qnae
955 4536 1030 4592 sunt
1051 4528 1090 4590 de
1112 4527 1207 4591 rebus
1229 4527 1271 4591 ad
1291 4528 1531 4612 septemtriones

186 4647 296 4725 gestis3
334 4645 439 4730 Atque
468 4667 567 4729 quum
596 4646 739 4722 accedat,
778 4653 814 4708 ut
848 4645 958 4710 eadem
986 4646 1065 4710 haee
1089 4645 1225 4730 epistula
1252 4653 1362 4709 contra
1388 4645 1530 4726 regulam
