3376 5070
694 106 705 119 1.
742 132 948 232 A—

172 401 366 474 sequoretur.
404 393 518 457 ‘Cicero
540 395 630 459 initio
647 396 763 458 mensis
782 395 967 460 Novembris
990 397 1065 458 111111
1082 400 1141 458 710
1159 395 1296 476 primum
1313 394 1437 458 litteras
1454 393 1514 458 sibi

173 511 213 574 ab
230 512 362 575 Octavio
381 512 473 576 datas
488 521 710 576 commemorat
728 513 782 592 (ad
798 513 866 577 Att.
884 512 966 590 XVI,
986 518 1017 591 9)
1039 519 1072 576 11
1093 514 1201 594 paucis
1219 511 1330 575 diebus
1345 519 1418 594 post
1437 512 1515 576 haec

174 630 279 710 potuit
296 629 432 694 scribere
449 630 503 708 (ad
517 630 584 693 Att.
603 629 685 707 XVI,
707 637 752 692 11.
770 636 818 709 tp:
840 633 970 714 decipite
988 633 1027 694 ob
1045 631 1218 695 (lctooiooo
1235 631 1372 711 quotidie
1388 632 1515 704 litterae,
1614 646 1619 654 '

172 758 207 809 ut
231 750 391 828 nepotlum
414 751 609 830 susciperem.
654 749 759 828 Atque
785 770 884 829 quum
911 749 1031 812 Nouius
1058 748 1177 812 librum
1206 746 1230 810 Ι.
1260 748 1376 827 septies
1404 748 1514 823 decies,

171 864 289 927 librum
317 864 492 940 linones,
520 865 637 928 librum
658 865 713 929 III.
741 867 802 931 bis¹
833 866 954 944 afferat,
982 874 1048 930 tres
1071 867 1197 930 omnino
1220 864 1318 928 libros
1340 863 1434 927 1111111
1457 884 1515 944 pro

87 1031 91 1037 .
171 989 257 1045 certo
275 981 386 1046 habeo.
422 982 643 1046 Valdcautem
662 982 1515 1064 (1111111111,1111111Τ1111111111111111110111111111
1550 1011 1555 1021 ·

131 1121 135 1128 ·
173 1100 325 1180 epistulas
347 1100 526 1181 divulgare:
562 1110 646 1165 11111
676 1124 833 1183 nusquam
859 1123 968 1166 earum
996 1104 1114 1166 mentio
1137 1102 1184 1164 111.
1229 1099 1387 1164 Ciceronis
1409 1107 1515 1163 autem

136 1286 138 1291 ‚
171 1218 322 1299 epistulas
343 1219 452 1282 ordine
481 1221 631 1301 temporis
661 1228 785 1284 seruato
808 1220 909 1284 editas
930 1220 1039 1297 inisse,
1070 1241 1169 1300 quum
1190 1239 1207 1283 e
1228 1226 1338 1283 nostra
1359 1219 1516 1282 sententIa

171 1336 432 1399 verisimillimum
461 1346 523 1414 est,
551 1344 620 1400 tum
647 1339 831 1419 iiagmeutis
861 1340 1065 1420 cognoscitm,
1096 1359 1178 1418 quae
1199 1335 1319 1400 Nonius
1347 1336 1515 1399 memoriae

171 1453 339 1530 1111111111;2
358 1476 461 1535 neque
477 1477 550 1518 vero
569 1458 666 1520 etiam
681 1456 795 1521 harum
809 1465 935 1538 tempus
952 1457 1028 1520 Idus
1043 1455 1167 1533 Quinct.
1180 1456 1254 1519 anni
1270 1459 1324 1517 711
1348 1454 1516 1518 excessisse
1588 1511 1591 1526 ,

170 1572 223 1634 vix
245 1593 324 1652 opus
345 1579 394 1636 est
413 1594 549 1637 monere.
594 1560 680 1638 Haec
705 1576 853 1638 nimirum
873 1595 924 1638 res
945 1574 1066 1637 rhetori
1087 1573 1133 1636 illi
1156 1573 1349 1636 occasionem
1370 1570 1517 1652 praebuit

171 1689 483 1755 Pseudo-Ciceronis
497 1692 590 1780 Ι1111111
612 1692 654 1756 ad
676 1692 842 1756 Octavium
864 1691 1017 1774 epistulae
1038 1691 1278 1773 componendae,
1308 1691 1394 1780 quod
1413 1688 1515 1752 iacere

170 1828 233 1870 non
255 1830 351 1872 ausus
373 1815 462 1884 esset,
491 1811 517 1873 11
540 1811 638 1892 ipsius
660 1809 818 1875 Ciceronis
839 1817 980 1875 extremo
1000 1810 1114 1875 aetatis
1133 1830 1208 1874 suae
1229 1817 1371 1890 tempore
1392 1807 1434 1871 ad
1455 1808 1517 1893 Oe>

171 1925 291 2000 tarium
312 1925 405 1991 datae
428 1929 615 2009 superstites
636 1928 777 1997 fuissent.

276 2044 421 2109 Afferunt
443 2046 622 2110 Macrobius
650 2053 721 2128 (sat,
744 2045 782 2122 IL
811 2053 834 2108 l.
864 2052 912 2124 11)
943 2046 1061 2109 librum
1083 2044 1122 2107 H.
1146 2043 1354 2125 epistularum
1375 2043 1417 2107 ad
1440 2042 1516 2107 Cor-

171 2161 289 2224 nelium
311 2162 479 2248 Nepotem,
507 2163 692 2227 Lactantius
721 2164 843 2244 (instit.
870 2163 925 2242 III,
954 2171 1000 2226 15.
1027 2169 1076 2241 10)
1107 2162 1231 2226 litteras
1259 2161 1415 2242 quasdam
1442 2160 1516 2223 libri

172 2279 397 2360 significatione
426 2281 541 2345 omissa
569 2282 610 2344 ab
636 2281 746 2346 eodem
767 2282 809 2353 ad
832 2281 1012 2347 Ciceronem
1033 2282 1159 2359 missas,
1190 2279 1254 2344 alia
1275 2280 1455 2343 testimonia
1477 2278 1516 2342 de

173 2397 223 2461 his
253 2398 397 2481 epistulis
424 2420 487 2462 non
515 2406 642 2463 exstant
670 2401 842 2481 graviora.³
892 2399 1008 2464 Omnes
1036 2420 1109 2462 vero
1135 2406 1208 2480 post
1235 2398 1375 2462 medium
1388 2418 1516 2472 ,annum

175 2520 234 2578 710
263 2517 355 2580 datas
383 2539 461 2594 esse,
493 2537 595 2597 neque
624 2519 750 2583 omnino
777 2526 871 2584 antea
899 2518 1147 2582 familiaritatem
1175 2518 1326 2581 maiorem
1351 2518 1435 2579 iuter
1464 2536 1516 2579 eos

172 2633 274 2712 fuisse,
297 2637 329 2697 ni
351 2634 450 2713 fallor,
481 2637 554 2700 iude
575 2636 679 2718 colligi
698 2644 811 2718 potest,
841 2637 927 2717 quod
948 2636 1072 2701 duabus
1094 2643 1220 2700 tantum
1241 2635 1393 2718 epistulm,
1415 2635 1517 2699 altera

173 2752 229 2839 (ad
257 2755 324 2817 Att.
347 2753 430 2832 XVI,
451 2762 479 2818 5.
503 2753 536 2839 1)
565 2777 594 2820 a.
619 2755 649 2817 d.
673 2755 742 2818 VH.
773 2755 820 2818 ld.
844 2755 978 2832 Quinct,
1013 2754 1114 2819 altera
1137 2754 1191 2833 (ad
1212 2754 1280 2817 Att.
1303 2753 1385 2831 XVL
1413 2752 1516 2837 111)

172 2871 276 2935 medio
299 2894 405 2936 mense
427 2872 596 2936 Novembri
625 2873 700 2936 anni
731 2877 789 2935 710
818 2873 915 2949 datis,
946 2873 1077 2954 Nepotis
1105 2873 1222 2936 mentio
1250 2871 1302 2949 fit,
1332 2878 1429 2952 atque
1457 2870 1517 2934 hoc

174 2987 301 3067 quidem
321 2989 389 3054 loco
411 2991 464 3067 ita,
486 2998 522 3053 111
538 2990 646 3054 Cicero
669 2990 856 3071 profiteatur
877 3012 910 3054 11
933 2991 1092 3071 quendam
1106 2992 1173 3055 eius
1190 2989 1291 3052 filium
1308 3011 1375 3054 csse
1391 2990 1517 3053 omnino

174 3108 302 3171 nescire.
346 3107 458 3187 Itaque
486 3108 604 3172 multos
630 3116 814 3172 mutuarum
844 3109 1052 3190 epistularum
1079 3108 1178 3172 libros
1205 3107 1301 3173 fuisse
1330 3108 1516 3188 negaverim,

171 3227 357 3308 praesertim
385 3247 484 3305 quum
512 3226 609 3291 etiam
635 3226 750 3290 harum
768 3226 886 3291 mullae
915 3234 987 3309 post
1013 3227 1060 3289 ld.
1085 3226 1209 3303 Quinct.
1234 3229 1291 3290 711
1325 3225 1419 3289 datae
1449 3245 1516 3289 esse

171 3345 330 3426 putandae
358 3345 430 3408 sint.
476 3345 562 3408 Ordo
591 3352 698 3409 autem
725 3346 875 3408 nimirum
901 3346 953 3409 hic
974 3353 1056 3420 erat,
1087 3352 1123 3408 nt
1142 3344 1300 3409 Ciceronis
1331 3351 1364 3407 et
1384 3341 1516 3424 Nepotis

170 3464 331 3544 epistulae,
353 3465 435 3527 sicut
457 3463 564 3526 Tironi
585 3463 722 3527 traditae
742 3470 854 3541 essent,
876 3462 980 3527 locum
1000 3463 1205 3528 alternarent.

274 3581 340 3644 Eae
362 3582 497 3662 denique
513 3581 678 3664 epistulae,
700 3602 836 3663 quarum
851 3581 953 3645 altera
973 3603 1047 3663 pars
1064 3589 1145 3660 ante,
1168 3581 1269 3649 altera
1289 3588 1362 3661 post
1377 3578 1517 3643 medium

170 3721 289 3762 anuum
321 3704 381 3762 710
410 3700 503 3764 datae
530 3708 635 3778 erant,
663 3699 706 3762 Μ.
727 3699 821 3763 Bruti
850 3707 938 3778 sunt,
975 3699 1074 3779 Hirti,
1111 3700 1245 3778 Pansae,
1274 3698 1432 3763 Ciceronis
1459 3695 1513 3758 iili.

228 3937 249 4001 ¹)
273 3935 341 3987 Non.
360 3935 480 4000 Marcell.
499 3936 540 3988 ed.
559 3937 626 3989 Lud.
645 3936 794 4004 Quicherat
815 3937 882 3990 1872
901 3935 984 3988 index
1001 3952 1062 4002 pag.
1083 3938 1142 3991 6119.

225 4039 249 4106 ²)
275 4037 353 4091 Libri
371 4039 392 4090 Ι.
411 4042 475 4091 sunt
503 4038 579 4106 (pag.
597 4041 682 4106 538):
713 4039 856 4106 „Pridie
880 4039 961 4092 Non.
989 4039 1087 4092 Febr.
1112 4039 1197 4107 (711)
1221 4039 1335 4091 eumad
1359 4041 1387 4090 11
1405 4035 1516 4089 littores

170 4140 250 4176 mane
271 4122 413 4176 dedissem.
435 4140 458 4177 e.
476 4142 500 4192 q.
521 4128 557 4176 s.“
577 4127 654 4192 (pag.
672 4127 754 4194 238):
783 4115 848 4192 „aut
869 4125 905 4178 ad
923 4125 1090 4178 consules
1111 4129 1160 4178 aut
1179 4125 1214 4177 ad
1233 4129 1261 4178 te
1280 4114 1332 4176 aut'
1347 4123 1382 4175 ad
1401 4123 1517 4174 Brutum

171 4209 318 4262 adissent.“
356 4210 485 4263 Consules
510 4210 551 4262 illi
577 4215 642 4265 sunt
667 4210 775 4264 Hirtius
801 4216 829 4265 et
847 4211 951 4276 Panse,
981 4210 1101 4263 videtur·
1115 4210 1201 4277 igitur
1227 4210 1294 4263 haer
1312 4207 1432 4275 epistula
1451 4211 1517 4260 anto

170 4293 311 4349 ineuntem
338 4312 373 4346 m.
399 4295 502 4348 Maium
528 4296 597 4350 dcta
622 4313 693 4362 osse,
729 4313 780 4364 quo
810 4301 924 4364 uterque
955 4296 1046 4364 periit.
1083 4295 1160 4348 Libri
1192 4297 1227 4348 II.
1256 4299 1320 4348 sunt
1349 4295 1424 4361 (pag.
1448 4295 1515 4362 389)

170 4381 325 4448 „Scriptum
343 4386 405 4434 erat
422 4385 547 4447 equestre
561 4383 693 4448 proelium
707 4384 785 4436 valde
800 4383 947 4436 secundum
960 4399 983 4435 c.
996 4399 1020 4449 q.
1034 4385 1071 4434 s.“
1092 4398 1161 4448 quae
1174 4380 1324 4448 respiciunt
1343 4380 1379 4432 sd
1396 4395 1516 4446 pugmam

171 4467 243 4534 apud
277 4467 377 4532 Forum
411 4468 548 4530 Gallorum
580 4485 604 4529 1,.
628 4469 653 4523 d,
678 4469 762 4532 XVII.
796 4469 858 4529 Kal.
881 4470 946 4521 lun.'
972 4467 1157 4533 celerrimam,
1192 4469 1269 4536 (pag.
1295 4466 1378 4531 31411
1415 4465 1516 4531 „liutem

170 4550 272 4618 perisse
288 4551 330 4605 ita
349 4552 383 4604 de
400 4569 429 4606 ro
447 4552 557 4620 publica
574 4559 728 4613 merentem
743 4554 879 4615 consulum
899 4553 1038 4621 (Hirtium
1054 4552 1112 4611 sive
1128 4554 1256 4621 Pansam)
1275 4551 1375 4609 deboc

224 4653 247 4720 ⁸)
272 4652 305 4705 cf.
325 4653 418 4722 Orelli,
437 4657 473 4708 M.
493 4657 523 4709 T.
544 4656 682 4720 Ciceronis
700 4673 800 4726 opera,v
817 4656 884 4724 frug.
906 4672 967 4724 pag.
986 4657 1045 4710 968.
