3376 5070
753 118 957 213 „2⁹-

181 381 327 461 gionibus
355 380 449 445 datae
483 390 695 468 superessent,
733 379 806 447 inde
840 391 987 469 apparet,
1022 383 1108 468 quod
1145 383 1232 448 salva
1267 382 1323 447 illa
1349 383 1431 464 lege,
1465 404 1529 468 qua

182 506 438 579 aggregarentur,
467 521 548 584 quae
574 500 689 564 eisdem
721 502 891 586 inscriptae
912 509 1002 579 sunt,
1029 501 1137 585 perfici
1164 522 1225 565 non
1257 503 1371 585 potuit.
1414 501 1526 585 Itaque

106 619 109 625 '
183 615 256 679 Tiro
280 617 409 680 mutatis
433 617 664 681 conditionibus
685 619 838 682 rationem
859 621 1000 696 mutavit,
1022 626 1054 683 et
1072 641 1168 704 quum
1191 621 1224 682 in
1247 619 1344 683 libros
1366 618 1389 696 1,
1410 618 1449 695 Il,
1471 617 1525 695 III,

183 732 236 812 IV,
263 733 347 812 VIII,
376 733 460 811 XIV,
481 733 548 812 XV,
577 734 661 798 XVI.
690 737 767 800 satis
795 736 927 801 haberet
955 737 1107 822 epistulas
1136 736 1251 800 eisdem
1280 737 1448 821 inscriptas
1477 757 1527 800 re-

184 853 295 936 cipere,
317 851 432 936 quibus
454 873 522 917 cnm
541 852 682 917 Ciceroni
703 853 810 918 eodem
834 853 898 918 fere
920 862 1061 939 tempore
1082 854 1287 939 epistularum
1310 855 1526 919 commercium

185 969 288 1033 fuerat
315 970 396 1033 liber
419 969 471 1032 VI.
501 971 592 1035 modo
622 972 772 1051 legendus
801 980 858 1049 est,
887 980 924 1036 ut
945 980 1134 1054 agnoscatur
1154 993 1267 1036 novum
1291 971 1351 1036 hoc
1372 971 1528 1049 accedere,

185 1088 270 1171 quod
296 1088 330 1150 in
352 1087 511 1172 plerisque
538 1089 682 1172 epistulis
705 1090 974 1154 11111111111111Ι
1002 1091 1066 1154 1111
1087 1089 1452 1173 gratulatio²quaeda1n
1477 1092 1528 1153 sit.

185 1204 221 1268 In
249 1206 380 1291 reliquis
407 1213 510 1270 autem
541 1206 665 1270 duobus
693 1184 782 1272 libris
812 1207 861 1288 (V,
884 1205 957 1292 VII)
988 1209 1190 1293 reperiuntur
1219 1229 1300 1293 quae
1329 1207 1417 1270 nulla
1442 1215 1528 1271 certa

185 1325 308 1388 ratione
330 1331 503 1408 potuerunt
526 1324 657 1408 disponi,
679 1346 775 1409 quum
799 1333 904 1390 essent
925 1327 1004 1389 varii
1025 1326 1148 1407 generis
1169 1325 1211 1389 ad
1232 1326 1353 1407 variosa
1372 1346 1429 1409 per
1446 1346 1529 1389 cem-

185 1441 293 1527 plures
318 1461 418 1505 annos
443 1440 545 1505 datae.
590 1441 701 1506 Nescio
730 1444 827 1524 igitur
853 1463 928 1508 num
955 1443 1049 1508 liceat
1078 1443 1157 1508 dues
1177 1442 1236 1507 hos
1257 1443 1355 1506 libres
1376 1442 1529 1528 quodam-

189 1558 280 1622 modo
301 1579 359 1643 pro
381 1558 607 1643 supplementis
630 1559 757 1624 habere.

292 1674 329 1739 In
349 1677 528 1740 universum
551 1685 656 1742 autem
681 1677 824 1742 Tironem
848 1678 1063 1743 difficillimam
1086 1677 1169 1743 hanc
1184 1697 1248 1741 rem
1268 1676 1347 1740 bene
1365 1677 1530 1762 perfecisse

186 1815 304 1872 censeo,
326 1802 364 1858 ut
383 1803 504 1859 tantam
528 1803 561 1859 et
580 1803 644 1860 tam
664 1797 781 1861 variam
800 1797 1005 1882 epistularum
1023 1797 1144 1880 copiam
1160 1797 1193 1857 iu
1207 1795 1347 1859 ordinem
1363 1796 1529 1877 redigeret.

188 1911 292 1976 Unum
315 1934 390 1978 sane
412 1913 558 1994 neglexit,
588 1911 674 1999 quod
695 1916 816 1979 dierum
840 1916 990 1979 mensium
1015 1934 1237 1997 nonnunquam
1261 1914 1354 1978 etiam
1376 1935 1528 1978 annorum

186 2032 338 2095 rationem
360 2053 424 2095 non
446 2031 569 2095 habuit.
616 2032 731 2096 Verum
759 2032 820 2096 hac
841 2034 873 2095 in
890 2040 930 2096 're
951 2032 1090 2096 Atticum
1113 2031 1212 2096 habet
1235 2032 1361 2108 socium,
1390 2033 1445 2116 qui
1468 2054 1530 2116 quo

187 2148 295 2211 ordine
317 2149 459 2229 singulae
481 2150 635 2234 epistulae
657 2150 685 2213 ei
707 2150 845 2236 traditae
867 2157 941 2214 sunt
959 2149 1067 2214 eodem
1088 2170 1142 2213 eas
1163 2151 1196 2211 in
1211 2149 1369 2213 volumina
1383 2151 1526 2234 recepit,⁴

186 2286 287 2349 neque
309 2266 405 2331 ullam
429 2267 623 2348 diligentiam
647 2267 795 2332 adhibuit
815 2268 857 2331 ad
879 2269 994 2332 iustum
1013 2267 1152 2332 ordinem
1168 2266 1409 2331 restituendum.
1446 2267 1530 2344 Quo-
1626 2275 1627 2278 ’

185 2385 267 2447 niam
300 2406 373 2449 vero
403 2385 456 2448 hic
481 2386 555 2450 inde
581 2385 622 2449 ab
652 2406 734 2449 anno
763 2390 823 2449 687
846 2386 998 2470 epistulas
1028 2384 1172 2450 aTullio
1195 2384 1254 2448 sibi
1284 2386 1376 2449 (11111
1397 2385 1530 2467 collegit,

185 2508 217 2564 et
247 2509 320 2566 utut
348 2525 423 2568 casu
445 2526 478 2568 se
500 2502 699 2587 excipiebant
724 2503 946 2568 describendas
966 2504 1101 2580 curavit,
1131 2502 1204 2567 Tiro
1226 2504 1355 2567 eandem
1377 2505 1529 2568 rationem

186 2640 245 2683 non
276 2628 350 2685 ante
378 2643 493 2685 annum
519 2627 579 2685 710
605 2622 758 2700 instituit,
784 2621 900 2686 factum
929 2628 990 2699 est,
1018 2629 1055 2685 ut
1081 2623 1115 2684 iu
1143 2621 1233 2685 libris
1260 2621 1299 2699 X,
1319 2620 1373 2699 XI,
1395 2621 1463 2700 XII,
1489 2622 1530 2686 ad

184 2736 227 2799 M.
250 2739 384 2803 Brutum
407 2738 492 2817 LII.
523 2739 677 2825 epistulae
706 2739 837 2804 emrdem
862 2740 1001 2804 ordinem
1025 2747 1207 2824 sequantur,
1238 2761 1329 2823 quem
1353 2761 1459 2804 omnes
1481 2740 1531 2816 ,ad

186 2855 343 2932 AttIcnm‘,
372 2857 526 2939 epistulae
552 2859 691 2942 priorum
716 2879 868 2922 annorum
893 2878 956 2921 non
977 2858 1061 2922 item.
1106 2857 1193 2935 Quas
1213 2858 1337 2943 quidem
1362 2857 1449 2935 Tiro,
1479 2865 1530 2921 ut

187 2992 310 3056 cunque
338 2971 399 3036 sibi
427 2972 564 3038 traditae
591 2982 697 3052 erant,
733 2977 798 3038 sive
824 2976 858 3038 in
884 2976 1024 3040 ordinem
1055 2976 1203 3040 redactae
1231 2980 1280 3054 (ut
1308 2975 1462 3059 epistulae
1490 2976 1532 3039 ad

188 3088 338 3167 Quintum
363 3088 500 3168 fratrem,
522 3090 564 3154 ad
584 3091 657 3156 fam.
678 3091 703 3155 I.
730 3098 782 3154 1-
797 3098 825 3171 9,
852 3092 892 3156 IL
920 3098 1025 3169 1-83
1048 3099 1065 3156 9
1086 3099 1172 3170 --16,
1194 3092 1278 3156 VIII.
1307 3097 1444 3179 1-17·³)
1467 3095 1531 3158 sive
1595 3142 1598 3147 ,

187 3229 316 3292 prorsus
338 3208 481 3288 neglecta
500 3217 675 3294 temporum
698 3211 828 3288 ratione,
848 3212 895 3274 ita
916 3212 1035 3295 recepit
1056 3212 1089 3274 in
1111 3212 1278 3276 volumina.

291 3326 416 3404 Restat.
438 3334 475 3390 nt
496 3348 693 3411 quaeramus,
723 3349 804 3412 quae
833 3349 928 3393 causa
955 3328 1058 3407 fuerit,
1095 3351 1151 3393 cur
1178 3350 1284 3393 earum
1315 3327 1531 3413 epistularum,
1633 3321 1635 3324 ’

187 3467 266 3531 quas
287 3445 395 3510 Cicero
424 3447 572 3510 extremis
599 3449 714 3512 aetatis
742 3467 818 3510 suae
846 3446 1005 3512 mensibus
1035 3456 1068 3512 et
1094 3447 1184 3511 dedit
1209 3455 1242 3511 et
1275 3447 1385 3510 1111111
1411 3445 1532 3528 accepit

244 3650 266 3712 ¹)
290 3647 347 3699 Hoc
366 3646 470 3700 dictum
487 3652 556 3716 puta
573 3648 607 3701 de
624 3647 750 3716 epistulis
770 3648 845 3701 1-8.
867 3650 906 3702 10.
928 3651 966 3702 14.
984 3650 1026 3702 20.
1045 3650 1087 3702 21.
1107 3649 1149 3701 22.

241 3752 265 3816 ²)
289 3751 339 3803 hoc
365 3749 399 3802 de
422 3750 548 3817 epistulis
577 3753 734 3805 111111.
770 3750 831 3803 Non
856 3750 898 3804 ita
917 3750 1058 3804 dissimilis
1076 3750 1183 3818 generis
1202 3754 1268 3803 suut
1284 3748 1420 3817 epistulae
1442 3748 1479 3812 17,
1502 3750 1531 3800 m

188 3835 231 3902 (of.
249 3840 264 3901 5
284 3836 318 3902 l).
355 3835 410 3888 Cur
426 3838 519 3888 autem
536 3836 656 3904 epistula
674 3840 690 3891 9
709 3835 739 3888 in
756 3835 826 3903 quod
844 3839 973 3888 neutrum
991 3836 1088 3902 cadat,
1112 3840 1223 3904 recepta
1242 3835 1279 3888 111
1297 3833 1427 3887 extremis
1444 3831 1532 3885 verbis

187 3920 286 3988 prioris
311 3920 446 3988 epistulae
463 3919 631 3989 explicatur:
662 3922 737 3989 „Ego
754 3920 809 3975 etsi
827 3936 918 3973 eoram
937 3921 970 3973 de
990 3925 1017 3974 te
1036 3937 1098 3973 cnm
1115 3921 1219 3975 Furnio
1240 3920 1282 3974 ita
1299 3921 1402 3987 loquar,
1427 3923 1458 3971 ut
1479 3916 1532 3971 tibi

188 4004 291 4060 litteris
312 4005 380 4058 meis
404 4007 439 4060 ad
466 4021 528 4059 eum
552 4021 606 4058 non
628 4022 694 4074 opus
719 4006 769 4073 sit,
797 4011 903 4073 tamen,
930 4005 1059 4074 quoniam
1083 4006 1139 4059 tuis
1163 4006 1269 4075 placuit
1293 4010 1321 4059 te
1339 4004 1440 4057 habere
1458 4018 1532 4056 meas

188 4091 334 4160 epistulas,
358 4107 426 4159 quas
450 4091 476 4145 ei
500 4091 641 4159 redderes,
665 4109 766 4148 morem
790 4092 830 4147 eis
854 4091 942 4160 gessi“
967 4107 1062 4145 earum
1079 4092 1261 4160 epistularum
1284 4089 1437 4158 exemplum
1460 4087 1533 4142 infra

189 4179 320 4247 scriptum
337 4181 387 4231 est.
1536 4190 1538 4194 ’

241 4284 265 4349 ³)
289 4282 359 4336 Sunt
381 4279 455 4334 enim
479 4279 579 4348 viginti
603 4293 658 4333 una
682 4279 818 4347 epistulae
844 4281 908 4334 libri
927 4281 959 4334 V.
986 4280 1142 4348 duodecim,
1171 4279 1291 4348 triginta
1314 4283 1372 4333 tres
1389 4277 1453 4331 libri
1473 4277 1532 4330 Vll.

189 4373 293 4436 septem
310 4365 466 4420 nominibus
483 4365 641 4433 inscriptae.

243 4473 267 4539 ⁴)
289 4470 417 4524 Tnnstall
433 4468 554 4537 epistula
571 4469 607 4522 ad
625 4467 778 4523 Middleton
797 4468 938 4536 (Cantabr.
959 4471 1036 4537 1741)
1054 4485 1115 4537 pag.
1137 4471 1168 4524 13
1187 4485 1224 4538 sq.
1265 4537 1267 4542 Ι

244 4574 267 4640 ⁸)
287 4574 398 4626 Nakeus
411 4573 499 4627 Caelii
516 4573 697 4641 epistularum
714 4586 777 4624 eum
794 4570 917 4625 ordinem
934 4588 994 4627 esse
1012 4572 1220 4644 demonstravit,
1238 4571 1285 4645 qui
1303 4569 1398 4644 paucis
1411 4567 1532 4641 exeeptis

189 4658 233 4735 rix
250 4657 421 4728 vituperetur
438 4659 614 4727 (1111111111
632 4657 651 4712 1.
669 4657 701 4713 11.
719 4655 790 4712 Phil.
808 4658 857 4714 Bd.
878 4660 920 4712 89.
938 4673 999 4730 pag.
1019 4659 1142 4727 60-68).
