3376 5070
171 409 316 472 Tironem
337 408 488 472 Brutinas
510 409 660 490 epistulas
683 431 745 472 uon
769 409 810 472 ad
838 405 1062 471 fincmomnes
1084 406 1228 470 edidisse.
1270 407 1306 468 ln
1329 428 1364 470 eo
1387 413 1512 469 tantum

171 527 380 590 Schmidtium
410 547 531 590 errasse
559 547 683 603 censeo,
716 526 801 606 quod
834 525 986 606 epistulas
1007 525 1031 587 l.
1059 531 1094 586 11
1117 532 1149 587 01
1177 531 1210 585 16
1234 525 1349 606 spuriis
1373 546 1431 587 non
1456 526 1513 588 ad-
1543 541 1547 547 '

170 646 355 707 numeravit.
396 644 461 707 Nec
490 643 629 726 profecto
658 644 697 708 ob
731 665 800 707 eam
825 665 893 706 rem
923 645 1019 706 etiam
1048 643 1107 706 has
1136 643 1288 724 epistulas
1315 644 1347 705 in
1381 643 1513 705 dubium

170 764 358 840 vocaverim,
388 763 462 842 quia
490 764 536 825 ita
558 769 757 844 comparatae
780 769 868 838 sunt,
900 769 936 824 ut
967 768 1038 843 post
1059 761 1135 824 Idus
1158 761 1331 836 Quinctiles
1350 763 1425 824 anni
1453 767 1506 822 711

170 882 262 945 datas
290 903 357 944 esse
388 881 590 961 cogitandum
619 881 661 944 sit
684 879 756 959 (etsi
786 879 845 943 hoc
866 879 981 942 iudicio
1003 888 1112 942 nostro
1130 878 1330 959 aliquantum
1344 880 1514 957 subvenit),

171 999 226 1061 sed
248 999 327 1062 aliae
348 1019 460 1062 causae
482 999 652 1075 accedunt,
681 1019 761 1078 quas
788 998 917 1079 longum
938 1005 986 1061 est
1013 996 1160 1061 hocloco
1183 997 1349 1079 explicare.
1395 996 1514 1060 Verum

172 1123 208 1177 ut
229 1136 383 1180 summam
403 1118 504 1181 nostri
532 1116 639 1178 iudicii
662 1116 900 1193 adumbremus,
930 1116 1077 1178 ridentur
1099 1123 1235 1195 quatuor
1257 1115 1317 1179 hae
1338 1115 1508 1197 epistulae¹

171 1241 203 1297 et
231 1233 367 1316 epistula
395 1233 451 1297 illa
478 1235 520 1297 ad
543 1233 722 1312 Octavium,
758 1255 854 1314 quam
876 1232 1173 1298 Pseudo-Ciceronis
1203 1254 1270 1297 esse
1302 1254 1409 1296 omnes
1438 1255 1513 1297 con-

132 1422 136 1436 ,
170 1352 318 1428 sentiunt,
340 1353 535 1433 conscriptae
558 1373 625 1416 esse
639 1353 681 1416 ab
703 1351 828 1416 homine
850 1353 988 1432 quodam
1011 1352 1103 1415 docto
1127 1352 1269 1433 proximo
1285 1351 1326 1414 ab
1348 1350 1411 1414 illis
1432 1358 1512 1415 tem·
1567 1375 1569 1379 ’

171 1469 308 1551 poribus,
335 1490 374 1532 ne
402 1468 505 1532 dicam
532 1490 640 1533 eorum
660 1472 821 1552 participe,
851 1471 913 1550 qui,
942 1491 1041 1550 quum
1062 1490 1115 1533 eas
1136 1469 1289 1551 epistulas
1309 1469 1510 1547 desideraret,

172 1586 288 1666 quibus
314 1595 497 1668 appareret,
529 1609 591 1668 quo
618 1589 723 1652 animo
744 1587 851 1653 Cicero
874 1588 986 1652 salutis
1007 1609 1081 1651 suae
1103 1595 1135 1651 01
1155 1589 1201 1651 101
1222 1586 1367 1668 publicae
1388 1589 1513 1652 ruinam

171 1705 311 1782 tulisset,
339 1726 421 1785 quae
449 1713 526 1770 tunc
553 1707 620 1770 eius
648 1708 867 1788 cogitationes,
904 1728 985 1787 quae
1013 1707 1227 1770 contentiones
1256 1705 1403 1784 fuissent,
1432 1727 1513 1787 quae

171 1823 256 1904 apud
272 1822 407 1886 Brutum
429 1825 627 1902 existimatis,
648 1826 798 1889 damnum
821 1825 1053 1905 quodammodo
1075 1824 1200 1907 explere
1218 1831 1393 1888 conaretur.
1433 1823 1513 1906 Cog-

171 1943 256 2004 nosci
291 1949 398 2005 autem
429 1940 572 2005 fraudem
609 1965 672 2007 non
707 1951 774 2006 tam
807 1951 863 2006 aut
906 1942 1024 2006 falsarii
1057 1944 1182 2006 inscitia
1216 1943 1340 2006 dicendi
1373 1944 1513 2020 rationis

135 2097 136 2101 =
172 2080 235 2138 qua
258 2059 365 2123 Cicero
391 2060 422 2121 in
452 2060 595 2140 epistulis
623 2080 699 2123 usus
728 2066 776 2122 est
801 2098 837 2103 --
868 2080 1062 2139 quamquam
1083 2059 1219 2122 Brutum
1248 2081 1377 2141 prorsus
1406 2061 1516 2124 eodem

171 2176 265 2238 modo
286 2175 468 2255 loquentem
488 2176 564 2240 facit
587 2217 624 2223 -
649 2183 706 2240 aut
725 2177 919 2258 gravioribus
940 2178 1090 2259 peccatis,
1118 2194 1199 2257 quae
1222 2158 1517 2242 contra'historiam

172 2301 327 2374 pugnent,
360 2291 456 2374 quam
489 2294 654 2359 manifesto
688 2295 793 2358 studio
835 2295 947 2359 talium
978 2294 1185 2377 epistularum
1221 2296 1516 2377 componendarum,

172 2412 288 2493 quibus
315 2411 486 2493 legentium
513 2434 604 2477 aures
630 2435 726 2494 quam
755 2415 891 2477 maxime
921 2414 1126 2476 delectentur.
1171 2412 1238 2476 Hoc
1263 2414 1381 2478 scilieet
1411 2414 1516 2478 studio

172 2517 294 2608 ductus,
312 2553 380 2594 rem
400 2532 446 2594 ita
467 2532 613 2610 instituit,
635 2539 672 2595 ut
694 2540 726 2596 et
742 2531 923 2596 Ciceronem
941 2539 973 2595 ot
987 2518 1124 2595 Brutum
1145 2531 1301 2596 derebus
1317 2532 1359 2595 ab
1380 2539 1516 2612 utroque

172 2651 268 2730 gestis
294 2657 326 2713 ct
360 2649 592 2730 quodammodo
621 2650 660 2714 de
688 2651 764 2744 locis
791 2650 1009 2713 communibus
1037 2652 1070 2712 in
1101 2657 1269 2731 utramque
1300 2658 1423 2732 partem
1452 2651 1516 2714 dis-

172 2775 321 2847 putantes
348 2767 478 2847 faceret,
515 2771 606 2850 quasi
635 2791 708 2832 1010
736 2777 812 2832 tunc
840 2770 1005 2850 temporis,
1042 2790 1140 2850 quum
1169 2769 1254 2834 salus
1289 2769 1335 2832 rei
1371 2769 1516 2850 publicae

173 2905 294 2947 summo
316 2886 348 2946 in
370 2885 549 2950 discrimine
572 2894 648 2963 erat,
670 2908 706 2950 co
727 2888 830 2949 animo
851 2885 992 2964 firissent,
1013 2894 1050 2950 ut
1073 2887 1316 2952 declamationes
1338 2887 1516 2951 conscribe-

173 3009 258 3079 rent,
288 3023 367 3082 quas
389 3024 427 3066 ex
449 3002 633 3068 umbraculo
654 3005 781 3084 otioque
802 3003 939 3068 rhetoris
960 3005 1123 3068 cuiusdam
1144 3025 1246 3085 neque
1268 3026 1341 3069 1010
1364 3027 1380 3069 0
1403 3006 1516 3069 castris

172 3127 269 3200 atque
292 3142 308 3183 e
328 3120 443 3184 forensi
463 3124 598 3204 strepitu
620 3121 776 3204 profectas
797 3143 864 3186 csse
883 3122 1034 3186 crederes.
1080 3122 1164 3186 Satis
1187 3130 1294 3186 autem
1315 3125 1516 3206 perspicuum

172 3247 221 3302 est
242 3239 402 3303 rhetorem
422 3238 513 3302 illum
535 3241 595 3303 sibi
618 3243 825 3322 proposuisse,
848 3240 985 3322 epistula
1012 3248 1045 3301 la
1063 3241 1102 3304 de
1115 3241 1287 3305 honoribus
1301 3247 1333 3304 et
1348 3241 1387 3305 de
1408 3243 1516 3323 poenis

172 3358 219 3420 ita
247 3357 411 3435 disserere,
440 3365 477 3420 ut
504 3358 598 3421 simul
621 3358 779 3423 Ciceronis
806 3359 887 3422 ratio
916 3364 1150 3436 010110010111,2
1182 3359 1318 3441 epistula
1344 3365 1380 3421 16
1409 3360 1516 3423 incon-

173 3475 323 3538 stantiam
359 3475 515 3540 Ciceronis
551 3498 736 3559 componere
773 3499 844 3540 cum
877 3477 993 3540 invicto
1020 3475 1112 3540 Bruti
1147 3478 1266 3553 animo,
1302 3477 1439 3559 epistula
1478 3482 1514 3541 17

174 3589 330 3653 Ciceronis
369 3595 560 3676 imperitiam
596 3602 692 3675 atque
728 3595 933 3658 ambitionem
965 3596 997 3657 in
1033 3595 1128 3658 rebus
1170 3594 1305 3676 publicis
1340 3595 1515 3658 tractandis

172 3707 307 3769 Brutum
329 3711 415 3790 apud
436 3711 577 3806 Atticum
599 3717 814 3778 000110011101113
841 3712 951 3776 facere.

230 3882 252 3947 ¹)
276 3879 383 3932 Primas
396 3880 463 3932 duas
477 3881 662 3949 paragraphos
675 3880 809 3948 epistulae
822 3881 842 3932 Ι.
857 3883 897 3947 15,
906 3880 1003 3949 quibus
1016 3880 1143 3932 absoluta
1154 3878 1273 3946 epistula
1289 3879 1516 3934 commendatitia

159 3964 300 4030 efficitur,
318 3965 413 4017 dubito
431 3981 496 4017 num
513 3981 546 4018 ex
564 3966 614 4018 hoc
630 3966 732 4019 iudicio
749 3966 891 4034 excipiam.

228 4054 252 4114 ²)
277 4050 339 4103 vide
357 4051 435 4102 modo
455 4049 470 4119 ξ
489 4052 518 4104 3:
543 4051 629 4104 Venio
648 4068 720 4105 nunc
738 4053 833 4119 „longo
852 4068 917 4105 sane
935 4051 1097 4105 intervallo“
1115 4050 1151 4102 ad
1170 4051 1325 4118 „quandam
1342 4049 1515 4118 epistulam,“

173 4153 226 4203 qua
251 4137 339 4188 multa
356 4135 424 4188 mihi
443 4136 567 4189 tribuens
585 4153 668 4189 unum
685 4139 909 4205 reprehendebas,
928 4139 998 4206 quod
1018 4137 1048 4189 in
1067 4136 1214 4190 honoribus
1233 4136 1411 4189 decernendis
1429 4152 1515 4190 essem

172 4222 273 4275 nimius
290 4226 319 4274 et
337 4226 477 4289 tamquam
493 4221 629 4289 prodigus.
661 4222 676 4291 ξ
696 4226 739 4277 10:
759 4224 833 4278 Satis
846 4225 934 4278 multa
953 4225 986 4276 de
1005 4222 1166 4275 honoribus:
1184 4238 1256 4274 nunc
1270 4222 1303 4275 de
1321 4238 1408 4290 poena
1426 4238 1515 4290 pauca

173 4307 289 4363 dicenda
309 4313 381 4362 sunt.
419 4308 489 4377 §lt
507 4307 597 4360 Habes
617 4307 752 4361 rationem
772 4325 893 4362 mearum
912 4309 1113 4363 sententiarum
1131 4308 1165 4360 de
1183 4308 1233 4360 hoc
1251 4323 1349 4374 genere
1368 4308 1514 4361 dumtaxat

172 4393 281 4446 honoris
299 4399 327 4447 01
345 4410 459 4462 poenam
491 4409 569 4459 nam,
588 4394 621 4446 de
639 4393 737 4447 ceteris
754 4395 834 4448 rebus
853 4395 918 4462 quid
938 4395 1069 4448 senserim
1086 4393 1203 4462 quidque
1221 4392 1386 4459 censuerim,
1405 4393 1514 4446 audisse

173 4483 201 4530 te
225 4480 352 4534 arhitror.
385 4481 437 4533 Sed
462 4481 529 4533 haec
555 4465 663 4547 quidem
689 4495 742 4531 non
761 4480 802 4533 ita
820 4481 987 4534 neccssaria:
1015 4481 1084 4533 illud
1102 4481 1180 4534 valde
1198 4479 1396 4545 necessarium,
1421 4480 1513 4546 Brute,

173 4569 201 4617 te
219 4564 248 4616 in
266 4566 378 4619 ltaliam
396 4584 456 4619 cum
474 4566 597 4619 exercitu
614 4565 714 4630 venire,
734 4565 956 4632 quamprimum.
1504 4621 1508 4626 Α

229 4651 252 4717 ³)
271 4651 303 4704 ef.
323 4651 338 4721 ξ
358 4657 380 4706 1.
400 4652 519 4718 „Scribis
536 4651 605 4704 mihi
622 4651 718 4705 mirari
739 4651 902 4718 Ciceronem,
922 4653 992 4719 quod
1010 4652 1081 4705 nihil
1100 4650 1250 4718 significem
1270 4665 1389 4716 unquam
1405 4651 1439 4704 de
1458 4649 1514 4703 suis

1333 4754 1350 4807 3
