3376 5070
825 115 866 172 40

171 379 273 444 stulac
302 377 575 441 commendatitiae
602 382 625 438 l.
650 381 677 438 7.
702 381 730 438 8.
759 383 803 452 ll,
832 396 913 456 quae
943 378 989 440 ita
1017 378 1050 439 in
1073 399 1134 441 uno
1157 378 1217 442 hoc
1239 388 1424 460 argumento
1448 403 1516 444 ver-

171 504 290 574 santur,
320 504 356 559 ut
377 496 573 576 reliquarum
593 495 750 558 rationem
773 495 897 557 omnino
920 495 1041 558 nullam
1063 495 1212 561 habeant.
1254 497 1359 561 Etiam
1381 499 1518 579 epistula

170 616 193 693 Ι,
222 622 230 677 l
259 636 321 678 uon
349 613 447 678 habet
476 612 517 676 ad
546 633 641 693 quam
671 613 837 694 rescripta
851 615 906 690 sit,
936 613 991 676 sed
1022 614 1156 695 septimo
1182 614 1232 678 die
1254 623 1326 697 post
1348 616 1517 697 epistulam

170 732 209 811 ΙΙ,
234 738 251 796 l
274 754 294 797 a
316 732 463 795 Cicerone
491 730 568 794 data
596 738 658 808 est,
686 752 785 811 quum
813 732 880 812 ipsc
908 731 1028 795 nullam
1049 753 1069 794 a
1089 731 1189 795 Bruto
1211 734 1340 797 missam
1360 736 1517 817 acceperit

172 850 223 938 (cf.
234 853 285 930 §3
309 851 359 914 Me
374 853 461 914 celim
479 851 590 913 deluis
607 851 699 913 rebus
716 852 912 931 consiliisque
927 853 1029 932 facias
1048 852 1273 931 dilipeatissilue
1290 856 1448 916 certiorem
1464 901 1470 914 .
1484 851 1516 930 .).

172 969 316 1047 Quatuor
344 967 456 1031 diebus
484 968 670 1031 intermissis
702 966 808 1030 Cicero
834 967 1003 1048 epistulam
1032 966 1055 1044 Ι,
1087 973 1114 1045 3,
1148 968 1333 1032 duodecimo
1361 968 1411 1033 die
1445 978 1517 1051 post

171 1089 253 1151 hanc
275 1085 444 1168 epistulam
465 1084 488 1161 Ι,
511 1086 551 1163 3¹³,
574 1085 722 1167 perendie
744 1085 839 1148 huius
862 1084 925 1148 dici
947 1085 1116 1166 epistulam
1137 1087 1160 1164 Ι,
1183 1095 1199 1150 ὁ
1221 1062 1278 1150 sua
1296 1094 1407 1168 sponte
1423 1089 1516 1165 misit

171 1227 273 1286 neque
309 1204 392 1268 enim
422 1203 504 1267 ullas
528 1203 620 1266 Bruti
654 1203 778 1266 litteras
802 1212 1037 1281 commemorat,
1074 1205 1116 1268 ad
1145 1226 1224 1286 quas
1252 1206 1423 1287 rescriptae
1451 1227 1518 1270 esso

172 1324 348 1387 videantur.
398 1321 516 1386 Contra
536 1321 690 1404 epistulae
711 1319 734 1398 Ι,
761 1301 900 1402 Ιρῑίωα
922 1321 1035 1385 verba:
1073 1323 1197 1406 Scripta
1219 1335 1246 1386 el
1269 1327 1432 1404 obsipnoto
1455 1328 1515 1388 latu

172 1445 302 1522 epistula
323 1443 440 1503 litterae
462 1443 539 1503 alibi
560 1441 696 1504 redditae
719 1449 791 1503 sulti
814 1459 832 1502 o
856 1451 883 1502 ie
903 1443 1012 1520 plenae
1029 1461 1136 1504 returns
1156 1462 1313 1507 uocarunt
1337 1443 1516 1506 testimonio
1601 1464 1604 1469 ·

172 1566 246 1622 sunt
267 1559 385 1640 perisse
406 1557 498 1620 Bruti
519 1565 551 1620 et
572 1556 705 1620 fortasse
727 1557 823 1618 etiam
846 1555 1002 1620 Ciceronis
1025 1558 1193 1639 epistulam
1215 1560 1382 1638 quandam,
1406 1581 1517 1640 quam-

172 1698 269 1757 quam
297 1676 428 1756 cogitari
457 1682 562 1757 potest
591 1675 676 1738 hunc
707 1681 836 1756 accepta
865 1674 956 1737 Bruti
993 1676 1130 1756 epistula
1159 1676 1276 1740 alteras
1304 1677 1362 1741 has
1392 1685 1515 1741 tantum

172 1795 296 1858 dedisse
317 1793 454 1872 litteras,
484 1794 603 1876 priores
624 1794 689 1856 iam
710 1793 843 1874 scriptas
865 1799 962 1872 atque
984 1793 1165 1874 obsignatas
1184 1801 1295 1876 utpote
1323 1796 1517 1878 temporibus

173 1914 305 1977 mutatis
340 1932 586 1993 supervacaneas
614 1911 789 1975 retinuisse.
839 1909 1019 1992 Epistulam
1046 1910 1068 1988 Ι,
1102 1921 1117 1972 t
1148 1911 1268 1976 Brutus
1296 1914 1337 1976 ad
1366 1915 1517 1996 epistulas
1612 1961 1615 1964 -

172 2031 194 2108 Ι,
213 2039 230 2089 :t
253 2038 285 2094 ot
300 2029 323 2109 Ι,
346 2030 389 2092 3¹³.
412 2027 464 2114 (cf.
489 2027 641 2092 Schmidt.
666 2049 736 2110 pag.
755 2036 803 2090 ta.
825 2026 886 2113 ts),
909 2029 1079 2110 epistulam
1099 2029 1122 2108 L
1148 2037 1174 2108 6,
1197 2038 1233 2094 ut
1255 2052 1294 2094 ex
1316 2033 1516 2114 paragrapho

172 2150 275 2231 prima
294 2149 404 2226 elucet,
426 2148 468 2212 ad
491 2148 660 2229 epistulam
675 2146 698 2224 Ι,
715 2154 731 2209 5
755 2148 924 2229 rescripsit.
961 2147 1141 2229 Epistulam
1161 2148 1183 2226 Ι,
1202 2155 1219 2212 9
1242 2157 1350 2214 autem
1367 2151 1519 2232 quodam-

172 2268 265 2332 modo
293 2267 335 2331 ad
362 2268 531 2350 epistulam
558 2266 581 2344 Ι,
613 2271 649 2328 11
682 2266 851 2347 respicere,
881 2287 944 2347 qua
964 2265 1063 2330 Vetus
1085 2267 1243 2331 Antistius
1273 2269 1518 2346 commendatur,

172 2388 245 2449 indo
268 2407 422 2468 apparere
442 2386 505 2448 iam
528 2384 671 2461 vidimus,
694 2383 780 2464 quod
800 2385 833 2446 in
855 2383 911 2447 illa
932 2384 1027 2449 huius
1044 2392 1080 2448 ut
1096 2385 1214 2450 Romae
1230 2388 1384 2452 versantis
1401 2389 1519 2452 mentio

172 2505 219 2568 tit.
262 2505 368 2585 Atque
397 2526 497 2585 quum
521 2503 624 2584 prima
651 2502 748 2566 rerba
776 2502 929 2584 epistulae
955 2509 991 2566 10
1023 2504 1134 2568 Nullas
1164 2506 1267 2569 adbuc
1298 2526 1316 2569 o
1347 2519 1372 2569 te
1403 2510 1518 2570 litteras

172 2626 336 2695 lutirentus,
366 2643 446 2704 attae
475 2625 628 2685 declarent
658 2632 684 2684 te
709 2624 831 2700 capuita
854 2633 980 2685 senatus
1002 2624 1189 2685 arroteritate
1211 2624 1242 2684 in
1267 2623 1391 2685 ltoliorn
1416 2626 1518 2686 oddu-

173 2763 239 2806 rere
270 2744 440 2805 accercitum
470 2788 477 2801 .
508 2788 514 2801 .
567 2739 748 2803 Ciceronem
780 2738 864 2802 circa
894 2760 922 2801 a.
953 2738 983 2800 d.
1006 2737 1089 2800 VHI.
1120 2737 1166 2800 ld.
1198 2736 1266 2801 lun.
1298 2739 1362 2802 iam
1398 2739 1518 2803 diutius

171 2860 264 2923 Bruti
283 2859 408 2922 litteras
429 2865 626 2940 exspectasse
648 2857 790 2935 doceant,
815 2857 930 2921 indicio
952 2856 1043 2920 nobis
1065 2865 1140 2920 sunt
1162 2877 1234 2921 eum
1256 2864 1329 2940 post
1351 2858 1518 2939 epistulam

172 2977 194 3055 Ι,
225 2984 241 3038 t·
273 2978 421 3040 extremis
448 2979 564 3040 mensis
590 2976 658 3039 lun.
688 2976 799 3040 diebus
827 2976 948 3054 datam,
985 2975 1119 3038 alteram
1153 2983 1229 3039 tunc
1259 2998 1322 3040 non
1352 2977 1517 3058 accepisse.

173 3094 265 3172 Quod
291 3095 419 3174 quidem
440 3093 664 3176 comprobatur
686 3094 822 3175 epistula
843 3095 885 3156 ad
907 3093 980 3157 fam.
1004 3093 1057 3170 ΙΙΙ,
1083 3098 1128 3171 25,
1150 3114 1214 3174 qua
1235 3115 1263 3158 a.
1287 3095 1318 3157 d.
1338 3093 1422 3156 XIV.
1446 3094 1516 3158 Kal.

173 3212 298 3290 Quinct.
327 3213 404 3277 data
429 3213 515 3276 hunc
544 3214 577 3275 in
597 3212 726 3275 modum
748 3212 908 3292 queritur:
956 3213 999 3275 llo
1025 3212 1124 3307 Bruto
1149 3260 1155 3273 .
1181 3260 1187 3274 .
1210 3202 1286 3276 atltt
1308 3216 1411 3277 aditur
1435 3217 1517 3277 terti.

172 3332 320 3395 Proxima
335 3352 408 3395 vero
429 3332 565 3413 epistula
580 3329 603 3408 Ι,
624 3335 661 3393 ta
686 3331 840 3412 rescripta
861 3330 970 3394 estad
990 3329 1082 3394 Bruti
1107 3329 1230 3393 litteras
1250 3330 1413 3410 quasdam,
1437 3353 1518 3412 quae

171 3449 214 3514 ad
236 3457 377 3514 nostram
398 3456 535 3514 aetatem
556 3471 618 3513 non
640 3457 863 3531 pervenerunt,
891 3470 970 3529 quas
996 3448 1124 3529 quidem
1146 3469 1245 3528 quum
1267 3450 1388 3520 lnrees,
1423 3452 1516 3512 intrito

66 3620 68 3624 ,
172 3572 290 3639 ludloc,
320 3570 418 3631 tribus
449 3571 607 3632 versieulis
633 3589 698 3632 nou
728 3570 894 3648 ttnrpliores
926 3567 1057 3642 l'uerint,
1089 3565 1162 3628 'liro
1190 3565 1332 3629 consulto
1352 3568 1518 3630 retinuisse

173 3686 333 3768 putandus
356 3692 413 3748 est.
447 3685 513 3749 Has
534 3693 640 3749 autem
657 3685 747 3747 Bruti
772 3685 896 3748 litteras
918 3691 989 3765 post
1012 3684 1197 3746 diuturnum
1217 3683 1378 3747 silentium
1400 3686 1518 3767 primas

173 3804 267 3868 i'uisse
289 3825 328 3867 ex
350 3804 564 3884 indignatione
584 3805 727 3884 cognosci
751 3824 874 3880 cense0,
910 3823 974 3883 qua
995 3801 1103 3865 Cicero
1131 3823 1183 3865 eas
1206 3808 1272 3865 tam
1294 3801 1404 3866 breves
1423 3802 1517 3866 fuisso

173 3923 331 4003 queritur:
360 3943 397 3985 eo
419 3922 577 4003 graviores
599 3922 717 3986 scilicet
739 3929 835 4003 atque
856 3921 1016 3984 uberiores
1038 3898 1168 3983 futuras
1182 3941 1249 3983 esse
1272 3922 1424 4001 sperarit,
1455 3941 1517 4000 quo

172 4040 291 4104 diutius
313 4060 366 4103 eas
391 4047 635 4122 exspectaverat.
680 4040 836 4120 Denique,
867 4046 903 4102 ut
925 4058 1080 4102 summam
1100 4038 1194 4101 huius
1217 4038 1410 4118 quaestionis
1432 4059 1516 4101 com-

173 4158 375 4240 prehendam,
403 4158 602 4222 desideratur
621 4180 685 4221 una
707 4158 842 4239 epistula
864 4179 884 4220 a
904 4156 1013 4233 Bruto,
1044 4157 1146 4220 nescio
1168 4178 1208 4218 an
1232 4178 1296 4220 una
1317 4178 1337 4220 a
1360 4155 1516 4233 Cicerone,

172 4284 308 4357 utruque
329 4284 404 4341 ante
425 4276 633 4359 epistulaml,
658 4283 674 4337 '2
697 4277 831 4357 scripta¹
853 4282 885 4338 et
908 4275 934 4338 si
955 4274 1103 4356 pusillam
1121 4273 1217 4351 illam,
1239 4296 1320 4355 quae
1342 4274 1407 4338 iere
1429 4275 1518 4337 nulla

173 4396 267 4460 i'uisse
289 4396 406 4458 dicitur
427 4396 635 4459 adnumerare
657 4394 740 4470 velis,
762 4415 825 4457 una
847 4400 920 4456 ante
944 4392 1111 4474 epistulam
1134 4390 1157 4468 Ι,
1187 4398 1219 4453 13
1239 4414 1259 4455 a
1273 4391 1373 4455 Bruto
1388 4394 1473 4456 data.

230 4563 251 4627 ¹)
278 4563 412 4631 Quoniam
436 4569 464 4617 ct
483 4566 578 4618 cadem
596 4563 663 4616 haec
679 4561 799 4629 epistula
819 4562 873 4626 1,·2
892 4561 980 4628 magis
999 4561 1033 4614 ab
1052 4560 1234 4628 epistularum
1252 4559 1347 4613 ordine
1366 4559 1470 4613 recedit
1488 4565 1518 4614 et

172 4651 202 4703 in
222 4649 352 4718 proximis
370 4650 495 4717 epistulis
514 4651 534 4716 1,
546 4653 562 4704 3
576 4654 604 4703 et
618 4650 639 4714 Ι,
654 4649 683 4702 3¹·
701 4647 818 4714 vestigia
839 4646 1056 4714 perturbationis
1075 4645 1224 4699 manifesta
1242 4651 1307 4700 sunt
1325 4645 1398 4699 foliis
1416 4645 1518 4699 codicis
