3376 5070
757 129 964 222 -e-

188 392 332 456 absoluto
361 399 394 456 et
421 391 553 456 obeam
575 413 642 456 rem
665 413 736 456 cum
757 391 887 478 reliquis
909 391 1017 455 decem
1038 389 1183 475 epistulis
1196 389 1247 480 'ad
1268 389 1403 452 eundem
1426 387 1536 452 Corni-

192 511 298 574 ficium
319 510 404 574 datis
426 509 597 594 copulasse.

294 627 352 691 His
373 628 527 692 absolutis
546 627 747 709 aggredimur
767 648 837 691 eam
859 627 1083 711 quaestionem,
1104 646 1201 708 quam
1222 625 1439 688 indicavimus,

295 744 437 809 Titulum
464 747 506 810 ad
536 749 718 829 seminares,
748 766 810 829 quo
840 766 897 808 uos
926 745 985 808 has
1007 743 1159 828 epistulas
1181 764 1291 807 vocare
1313 743 1538 818 consuevimus,

189 864 372 928 recentioris
392 864 506 927 aetatis
527 885 595 927 esse
612 865 690 928 satIs
705 868 854 939 constat¹
875 884 976 946 neque
999 863 1084 926 euim
1106 862 1137 924 in
1159 861 1265 925 codice
1281 859 1420 924 Mediceo
1436 880 1538 943 neque

190 983 222 1044 in
244 981 416 1045 Turonensi
438 989 494 1045 aut
517 999 631 1045 nomen
653 980 798 1045 omnibus
822 980 903 1045 XVI.
927 975 1017 1043 libris
1040 1001 1204 1043 commune
1226 986 1283 1042 aut
1304 979 1425 1041 numeri
1448 976 1538 1041 libris

192 1101 333 1185 inscripti
360 1099 540 1175 traduntur,
577 1099 662 1162 unde
690 1098 835 1181 colligere
862 1099 1019 1184 possimus
1045 1098 1105 1161 hoe
1134 1117 1248 1181 corpus
1277 1096 1395 1160 eisdem
1422 1095 1538 1160 finibus

190 1219 365 1302 antiquitus
399 1217 671 1301 circumscriptum
703 1225 735 1281 et
769 1217 923 1282 librorum
960 1217 1073 1280 seriem
1109 1236 1233 1299 semper
1264 1213 1396 1278 eandem
1432 1213 1537 1278 fuisse.

191 1335 308 1400 Verum
335 1337 362 1398 si
393 1334 434 1398 ab
461 1335 506 1398 eis
528 1334 711 1429 indicibus,
727 1357 809 1420 quae
831 1336 863 1397 iu
885 1342 1020 1419 utroque
1042 1335 1148 1398 codice
1170 1333 1330 1417 plerisque
1347 1332 1442 1396 'libris
1462 1332 1537 1395 sub-

190 1456 326 1538 scriptae
348 1460 430 1528 sunt,
459 1473 497 1515 ca
518 1453 736 1537 praecidimus,
766 1475 847 1538 quae
867 1453 1095 1516 monachorum
1117 1472 1245 1537 operam
1267 1472 1343 1532 prae
1369 1472 1402 1514 se
1424 1450 1537 1527 ferunt,

192 1572 275 1635 idem
311 1570 464 1635 librorum
498 1572 592 1634 iudex
620 1570 819 1657 relinquitur,
855 1593 918 1657 quo
947 1571 1095 1654 antiquos
1122 1571 1345 1651 grammaticos
1370 1589 1443 1632 usos
1471 1589 1538 1632 esse

194 1697 327 1754 constat.
382 1687 464 1752 Nam
500 1711 599 1773 quum
627 1689 687 1753 sub
715 1689 797 1754 libro
823 1691 926 1774 primo
954 1689 1093 1771 legatur:
1132 1688 1236 1752 Marci
1269 1686 1350 1752 Tulli
1381 1686 1538 1751 Ciceronis

192 1811 398 1889 opinaturum
431 1810 472 1871 ud
503 1807 589 1876 ruci.
625 1808 787 1873 Lentulum
826 1810 966 1890 explicit,
998 1808 1106 1888 incipit
1141 1807 1276 1869 eiusdem
1310 1806 1352 1868 cd
1380 1807 1537 1868 considam

194 1926 360 1990 Curionem
398 1929 527 2009 feliciter
554 1926 639 1990 hunc
675 1925 792 1988 librum
822 1928 863 1989 od
895 1927 1057 1988 Lerrtuluru
1089 1924 1261 1987 secundum
1289 1924 1330 1985 ud
1360 1921 1539 1994 Curionem,

191 2043 329 2128 reliquos
351 2044 497 2127 deinceps
523 2043 696 2107 secundum
717 2044 783 2106 eius
805 2062 918 2105 nomeu
940 2049 1065 2105 notatos
1087 2061 1154 2104 esse
1175 2047 1323 2124 apparet,
1354 2039 1437 2103 unde
1458 2038 1540 2103 liber

192 2161 317 2223 initium
344 2162 437 2244 cepit.
482 2160 579 2235 Quid,
611 2159 697 2243 quod
726 2160 758 2220 in
786 2159 855 2242 ipso
877 2157 1016 2222 Mediceo
1038 2158 1160 2241 antiqui
1180 2156 1224 2219 ·hi
1245 2157 1364 2220 iudices
1384 2156 1536 2220 librorum

194 2277 245 2354 XI,
269 2277 335 2353 XII,
359 2276 441 2353 XIII,
466 2277 530 2354 XV,
555 2276 627 2340 XVI
647 2284 732 2340 recte
754 2276 972 2340 traduntur?²

298 2393 345 2457 Ne
365 2395 425 2458 hoc
445 2395 573 2478 quidem
594 2415 725 2479 prorsus
744 2415 853 2458 verum
875 2402 923 2458 est
952 2392 1239 2478 praestantissimos
1261 2389 1382 2454 codices
1404 2412 1535 2455 numero

192 2534 229 2577 ao
257 2514 337 2577 serie
366 2512 519 2576 librorum
549 2515 631 2576 iuter
660 2534 693 2577 se
721 2533 906 2594 congruere,
935 2533 1033 2597 quum
1056 2509 1247 2574 Turonensis
1273 2509 1371 2572 libros
1391 2507 1540 2587 I-VIII,

193 2631 382 2695 Harleianus
406 2631 561 2695 secundus
582 2631 680 2695 libros
703 2629 869 2708 I—VIII,³
896 2629 1086 2693 Harleianus
1107 2630 1228 2714 primus
1251 2627 1348 2692 libros
1369 2625 1540 2704 IX—XVI,

191 2751 381 2814 contineant.
424 2749 461 2813 In
491 2750 632 2814 Mediceo
659 2771 748 2826 vero,
779 2769 971 2833 quamquam
999 2747 1098 2811 libros
1126 2768 1162 2811 eo
1192 2747 1301 2810 ordine
1330 2745 1444 2821 tradit,
1477 2764 1540 2829 quo

192 2889 275 2931 nuuc
297 2866 389 2948 vulgo
412 2867 568 2948 leguntur,
589 2875 697 2930 tamen
718 2866 800 2930 libro
817 2865 872 2930 IX.
891 2866 1079 2949 inscriptum
1101 2871 1150 2928 est
1172 2865 1220 2927 lit.
1238 2865 1281 2936 1‚⁴
1306 2884 1405 2947 quum
1426 2862 1540 2947 reliqui

192 2983 266 3046 libri
288 2985 354 3047 sine
375 3005 506 3048 numero
528 2986 600 3061 sint,
622 2985 669 3047 ita
684 2991 721 3047 ut
743 2990 897 3067 appareat
918 2983 950 3045 iu
973 2983 1145 3066 archetypo
1162 2980 1293 3044 Medicei
1315 2981 1425 3045 eodem
1446 2979 1540 3043 modo

193 3100 291 3165 libros
326 3102 496 3186 bipertitos
530 3101 640 3180 fuisse,
678 3110 715 3166 ut
742 3101 844 3165 altera
872 3122 946 3185 pars
976 3099 1074 3164 libros
1101 3100 1116 3162 I
1141 3137 1171 3147 -
1184 3098 1274 3176 VIII,
1313 3098 1414 3163 altera
1443 3097 1541 3162 libros

192 3218 236 3281 IX
257 3259 294 3266 -
317 3218 399 3284 XVI.
430 3220 698 3305 complecteretur,
734 3221 889 3283 incertum
918 3226 1026 3283 autem
1054 3219 1111 3294 sit,
1147 3225 1254 3282 utram
1279 3217 1417 3302 priorem
1445 3213 1541 3279 fuisse

115 3366 119 3374 .
192 3338 365 3402 credamus.
407 3336 476 3402 Iam
504 3359 577 3402 vero
603 3337 758 3424 siquidem
787 3336 844 3402 Ch.
867 3335 991 3400 Thurot
1017 3343 1050 3399 et
1072 3334 1124 3398 Fr.
1146 3334 1249 3399 Ruehl
1278 3341 1363 3398 recte
1392 3339 1539 3397 statuunt

192 3477 294 3541 neque
316 3454 530 3520 Turonensem
556 3478 659 3541 neque
689 3455 895 3520 Harleianum
924 3461 981 3518 aut
1011 3454 1149 3538 primum
1175 3460 1233 3517 aut
1262 3452 1435 3516 secundum
1462 3470 1540 3534 peu-

192 3573 267 3637 dere
288 3595 308 3636 a
330 3572 477 3652 Mediceo,
505 3575 561 3638 sed
582 3575 776 3656 exemplaria
797 3594 864 3637 esse
886 3593 925 3636 ex
951 3572 1124 3654 archetypo
1146 3570 1278 3635 Medicei
1300 3570 1404 3645 ducta,
1437 3569 1484 3630 ita
1504 3574 1542 3630 ut

193 3712 302 3755 omnes
323 3691 397 3754 libri
418 3693 634 3777 manuscripti,
657 3692 773 3777 quibus
792 3691 947 3776 epistulae
968 3691 1011 3754 ad
1028 3689 1102 3753 fam.
1117 3690 1286 3753 memoriae
1304 3688 1441 3752 traditae
1458 3691 1541 3761 sunt,

194 3810 284 3894 quasi
312 3810 353 3873 ab
383 3830 445 3873 uno
474 3818 605 3894 parente
635 3811 786 3892 originem
816 3809 962 3886 trahant,
998 3830 1015 3872 e
1044 3808 1164 3871 tradilo
1192 3807 1302 3870 ordine
1333 3805 1488 3869 librorum
1508 3804 1542 3865 in

195 3926 340 3990 omnibus
364 3927 522 3991 codicibus
550 3928 782 4013 quodammodo
810 3927 1023 3991 consentiente
1051 3924 1130 3989 nlluil
1152 3924 1255 4005 colligi
1288 3945 1380 4009 posse
1400 3927 1542 4006 apparet,

195 4045 255 4109 uisi
277 4045 361 4108 hune
385 4044 539 4108 librorum
560 4046 703 4109 ordinem
725 4048 758 4109 in
779 4067 842 4110 uno
863 4044 924 4109 hoc
944 4043 1117 4128 archetypo
1138 4042 1243 4107 fulsse.

254 4267 276 4330 Ι)
302 4262 448 4316 Hofmann.
465 4263 482 4315 l.
499 4279 521 4316 c.
539 4278 600 4331 pag.
616 4262 674 4328 VH,
692 4261 829 4329 Leighton
845 4261 863 4313 l.
881 4278 903 4313 c.
921 4276 982 4329 pag.
1003 4262 1042 4314 15.

251 4370 276 4432 ²)
302 4367 337 4418 cf.
354 4367 396 4419 ed.
416 4365 521 4420 Baiteri
539 4367 588 4420 vol.
607 4366 653 4418 IX.
671 4365 735 4418 adn.
756 4364 830 4418 crit:
860 4364 895 4417 ad
919 4364 982 4416 Dec.
1001 4365 1125 4427 Brutum,
1149 4361 1184 4414 ad
1204 4360 1233 4413 O.
1253 4359 1386 4426 Cassium,
1406 4359 1441 4412 ad
1459 4359 1543 4411 Mem-

198 4451 290 4518 mium,
309 4453 345 4506 ad
364 4457 498 4519 sonatum,
515 4452 550 4505 ad
570 4450 690 4504 Tullium
707 4449 842 4502 Tironem.

253 4558 278 4623 ⁸)
307 4556 444 4624 usquead
462 4555 535 4608 VIII.
553 4559 578 4610 9.
596 4557 612 4610 3
631 4554 719 4622 „Puto
736 4553 810 4607 enim
829 4553 852 4605 si
871 4553 956 4605 ullam
973 4567 1055 4620 spem.
1073 4548 1221 4618 Explicit.“

253 4661 277 4727 ⁴)
302 4659 335 4711 cf.
354 4660 396 4712 ed.
413 4660 433 4713 Ι.
453 4660 483 4714 G.
503 4657 611 4712 Baiteri
628 4658 677 4711 rol.
694 4658 741 4711 lx.
758 4673 819 4726 pag.
837 4655 987 4710 XXXVIII.
