3376 5070
820 113 860 174 20

739 198 945 208 -ι--

165 377 313 442 facillime
341 398 394 440 eas
422 384 534 441 nactus
565 398 633 440 esse
662 377 822 459 putandus
851 385 914 455 est,
949 399 1030 462 quae
1059 379 1201 460 prordmo
1230 385 1372 460 tempore
1397 379 1511 443 missae

165 503 261 580 atque
281 502 427 576 acceptae
445 501 543 570 erant,
565 500 628 579 qu'o
644 515 717 558 vero
731 497 936 559 remotiorum
957 503 1136 578 temporum
1156 504 1261 560 essent
1281 518 1318 561 eo
1340 499 1510 579 pauciores,

165 633 264 696 quum
292 611 432 696 reliquae
461 613 524 675 sire
553 633 628 676 casu
657 613 795 697 quodam
823 614 979 695 perissent
1001 614 1065 676 sive
1088 614 1230 678 consulto
1252 615 1375 678 deletae
1398 623 1510 679 essent.

167 729 273 793 Genus
295 729 379 792 enim
395 729 603 810 epistularum
624 751 717 812 saepe
740 731 806 794 eius
827 731 913 794 modi
935 737 1011 807 erat,
1034 737 1071 793 ut
1092 751 1155 793 non
1175 731 1365 797 liberet'eas
1386 735 1510 819 serrari

165 854 198 910 et
216 868 309 928 saepe
326 847 445 910 factum
463 841 538 925 esse,
560 855 596 910 ut
614 846 756 929 epistula
779 849 811 910 in
830 868 894 932 qua
911 849 1022 912 iratior
1039 848 1213 929 disputatio
1231 851 1280 913 vel
1298 851 1338 915 de
1355 849 1512 933 Pompeio,
1534 880 1539 886 .

166 964 216 1028 rel
239 965 278 1028 de
299 964 440 1042 Caesare,
464 966 513 1029 vel
536 967 575 1030 de
597 966 775 1030 conditione
797 967 843 1029 rei
864 965 1008 1047 publicae
1031 972 1120 1041 esset,
1149 966 1242 1030 simul
1264 975 1361 1052 atque
1383 976 1513 1050 accepta

166 1090 199 1145 et
218 1082 300 1146 lecta
322 1091 378 1161 est,
399 1082 655 1147 conscinderetur
675 1085 752 1148 satis
772 1083 882 1147 multis
904 1085 1092 1148 testimoniis
1106 1085 1356 1166 comprobatur.¹
1393 1085 1514 1148 Eodem

165 1201 259 1264 modo
281 1201 378 1264 etiam
400 1201 508 1265 Cicero
529 1201 696 1283 epistulas,
725 1223 805 1285 quas
825 1208 920 1266 antea
942 1210 1120 1283 acceperat,
1154 1203 1263 1285 paucis
1285 1210 1322 1266 ut
1344 1202 1430 1266 Caeli
1458 1225 1512 1266 ex-

166 1320 265 1400 ceptis
298 1320 362 1382 siue
398 1318 549 1383 delevisse
578 1319 643 1382 sive
672 1320 812 1384 amisisse
841 1320 975 1384 videtur.
1020 1319 1125 1396 Quum
1155 1342 1228 1384 vero
1257 1320 1330 1384 Tiro
1360 1320 1512 1402 epistulas

167 1436 277 1520 eodem
305 1434 414 1500 ordine
440 1457 503 1520 quo
534 1436 595 1500 sibi
623 1437 826 1500 traderentur
853 1445 885 1501 et
914 1458 976 1522 quc
1006 1458 1059 1501 eas
1086 1439 1118 1500 in
1142 1437 1300 1502 Ciceronis
1322 1440 1443 1502 scriniis
1463 1460 1513 1502 re-

167 1555 285 1634 periret
311 1554 344 1615 in
366 1552 525 1617 volumina
552 1555 719 1635 reciperet,
754 1557 855 1618 evasit
883 1576 996 1637 corpus
1023 1577 1087 1620 non
1118 1557 1165 1621 ita
1187 1556 1267 1620 bene
1289 1564 1513 1639 comparatum,

173 1672 262 1735 cuius
284 1679 358 1735 sunt
381 1670 455 1734 libri
477 1670 588 1750 I—IX,
611 1671 692 1750 XIV,
716 1671 781 1749 XV,
803 1671 885 1736 XVI.

272 1822 318 1886 Ut
351 1824 416 1887 iam
444 1823 581 1888 alterum
609 1824 669 1887 hoc
695 1830 780 1887 recte
808 1844 865 1887 nos
893 1824 1068 1904 suspicatos
1098 1843 1166 1886 esse
1194 1822 1414 1903 probaremus,
1449 1845 1516 1886 esse

168 1941 320 2024 epistulas
347 1916 502 2005 annorum
532 1947 592 2005 710
623 1948 655 2005 et
684 1946 738 2003 111
773 1940 883 2005 ecdem
919 1948 1061 2022 tempore
1090 1947 1187 2025 atque
1217 1939 1326 2002 ordine
1355 1960 1375 2002 a
1403 1938 1515 2003 Tirone

168 2058 321 2136 collectas,
344 2080 407 2144 quo
427 2059 610 2125 aOiccrone
630 2067 661 2124 et
683 2060 777 2123 datae
798 2066 830 2123 et
852 2066 998 2141 acceptae
1019 2065 1132 2135 essent,
1156 2056 1350 2121 debebamus
1374 2057 1413 2120 de
1434 2058 1515 2120 inte-

167 2179 283 2258 gritate
303 2177 518 2259 epistularum,
540 2199 621 2262 quae
640 2185 714 2241 sunt
732 2178 887 2242 librorum
908 2180 943 2256 X,
966 2176 1017 2255 XI,
1039 2176 1108 2240 XII.
1134 2176 1187 2255 (ad
1203 2174 1246 2239 M.
1262 2175 1398 2238 Brutum
1413 2175 1436 2253 I,
1451 2175 1515 2253 IL),

168 2303 200 2359 et
228 2296 267 2359 de
294 2316 403 2359 earum
431 2303 638 2378 tempore-ac
665 2297 745 2360 serie
773 2296 950 2360 accuratius
980 2317 1086 2377 agere,
1117 2295 1202 2380 quod
1230 2314 1345 2357 munus
1367 2292 1515 2357 hocloco

167 2414 229 2477 rite
262 2413 423 2477 absolvere
457 2434 520 2477 non
555 2434 735 2494 possumus,
768 2435 866 2498 quum
894 2415 972 2479 fines
1002 2413 1218 2478 huiuscemodi
1245 2413 1516 2476 commentationis

169 2532 260 2612 longe
277 2533 430 2619 ¹excedat.
477 2530 596 2594 Verum
621 2531 695 2595 licet
721 2530 823 2596 Nakei
850 2531 1115 2596 luculentissimas
1135 2533 1346 2615 quaestiones,
1378 2551 1457 2613 quas
1476 2530 1515 2593 dc

168 2648 277 2713 Planci
297 2656 329 2713 et
351 2649 389 2712 D.
406 2650 498 2713 Bruti
520 2651 663 2731 epistulis
685 2651 831 2727 instituit,
853 2651 886 2713 in
909 2671 1002 2714 usum
1023 2656 1213 2713 convertere.
1255 2646 1356 2722 Quem
1376 2647 1402 2711 si
1424 2647 1514 2710 audi-

168 2789 239 2831 mus
262 2768 469 2849 epistularum
490 2768 532 2831 ad
553 2767 704 2832 Plancum
722 2768 775 2832 hic
795 2776 843 2832 est
865 2767 942 2831 ordo
964 2765 1217 2847 chronologicus:
1239 2764 1293 2828 lib.
1316 2767 1354 2829 X.
1383 2771 1409 2826 1.
1437 2770 1466 2827 2.
1496 2770 1514 2826 3

172 2893 201 2949 5.’
224 2890 253 2956 d.
272 2888 326 2956 10.
350 2890 399 2956 12.
424 2889 474 2955 14.
502 2892 548 2949 13.
577 2891 623 2949 19.
647 2869 772 2956 21116.
796 2891 845 2948 22.
868 2884 1077 2969 epistularum
1099 2905 1119 2948 a
1140 2883 1256 2947 Planco
1277 2883 1426 2947 datarum
1446 2884 1513 2946 hic:

168 3004 224 3068 lib.
247 3007 284 3069 X.
309 3013 337 3067 4.
362 3010 390 3068 8.
416 3009 442 3068 7.
466 3012 494 3068 9.
522 3011 568 3067 11.
597 3011 631 3067 15
656 3001 747 3088 (211)
780 3008 826 3066 11.
854 3009 901 3066 19.
927 3008 977 3065 21.
1001 3005 1052 3072 23.
1076 3007 1138 3079 24..
1174 3023 1238 3066 uua
1266 3001 1403 3084 epistula
1432 3002 1513 3066 desi-

170 3123 300 3187 deratur
323 3121 374 3209 (cf.
399 3127 448 3185 22.
472 3127 520 3202 2),
550 3142 644 3204 porro
666 3122 874 3204 epistularum
894 3121 936 3185 ad
958 3119 997 3183 D.
1020 3120 1156 3183 Brutum
1177 3119 1325 3184 datarum
1347 3119 1399 3183 hic
1420 3119 1512 3183 ordo:

171 3248 200 3303 4.
223 3244 253 3311 9.
280 3244 328 3310 10.
352 3245 398 3310 11.
422 3244 469 3311 19.
495 3244 546 3310 20.
570 3243 621 3309 23.
644 3245 694 3309 211.
724 3246 767 3317 13,
788 3219 997 3321 epistularum
1018 3239 1116 3320 ipsius
1137 3237 1230 3300 Bruti
1250 3237 1317 3300 hic:
1342 3243 1388 3301 16.
1412 3242 1459 3300 11.
1485 3243 1513 3298 ὁ.
1555 3257 1557 3261 ’

171 3363 199 3420 6.
225 3362 304 3448 7.,9.
328 3363 378 3422 22,
406 3363 451 3421 12.
483 3360 532 3428 18.
566 3365 614 3422 14.
644 3363 692 3428 21.
723 3360 777 3427 24.
807 3357 856 3427 25.
891 3361 956 3419 lo.²
1004 3355 1198 3420 Schmidtius
1226 3362 1333 3419 autem
1362 3353 1515 3436 epistulas

172 3475 241 3540 XII.
268 3482 366 3538 1—12
388 3478 562 3541 rectissime
583 3479 630 3541 ita
651 3499 684 3542 se
705 3479 848 3559 excipere
870 3475 1112 3552 demonstravit,
1139 3482 1189 3552 ut,
1220 3495 1300 3558 quas
1323 3472 1515 3536 Cicerode-

171 3571 268 3672 derit,
303 3594 363 3658 hcc
390 3595 499 3659 ordine
528 3595 718 3678 procedant:
756 3601 781 3656 1.
808 3599 836 3656 2.
866 3599 894 3655 3.
926 3597 955 3655 4.
986 3599 1014 3654 5.
1039 3597 1069 3656 7.
1099 3598 1126 3655 6.
1158 3597 1186 3655 9.
1218 3598 1246 3655 9.
1275 3598 1321 3668 ld,
1343 3598 1516 3675 sequantur

229 3833 252 3896 ¹)
280 3830 315 3882 ad
340 3829 404 3882 fam.
423 3830 482 3882 VII.
510 3833 549 3894 18,
576 3832 599 3883 4.
643 3828 800 3896 Epistulam
828 3833 906 3882 tuam
931 3870 961 3880 ..
990 3817 1112 3881 conscidi
1135 3826 1320 3893 innocentem,
1351 3827 1422 3880 nihil
1443 3827 1516 3880 enim

172 3915 300 3981 habehat,
318 3916 388 3982 quod
406 3931 440 3968 no
453 3915 514 3968 nvel
531 3913 561 3966 in
580 3914 706 3967 contione
724 3919 799 3968 recte
817 3914 871 3980 legi
889 3918 994 3981 posset,
1016 3915 1064 3967 sed
1081 3918 1110 3967 et
1125 3913 1264 3967 Anuutius
1277 3913 1319 3967 ita
1333 3918 1361 3967 te
1374 3913 1517 3967 nuntiasse

172 4000 266 4054 aiehat
290 4005 319 4054 et
346 4005 378 4054 tu
402 3999 575 4067 ascripseras.
609 3999 714 4053 Nonius
733 4016 793 4067 pag.
812 4001 871 4066 502,
891 4002 938 4052 2οι
964 4000 999 4053 ad
1020 3999 1120 4051 Axium
1137 4000 1177 4052 11:
1203 3999 1306 4053 invitus
1325 3998 1436 4052 litteras
1454 4002 1517 4050 tuas

172 4085 335 4152 scinderem
365 4086 407 4140 ita
432 4092 496 4140 sunt
514 4083 672 4138 humaniter
696 4084 824 4151 scriptae.
861 4085 894 4136 cf.
918 4085 1004 4137 etiam
1027 4085 1063 4137 ad
1079 4083 1143 4137 fam.
1160 4084 1218 4137 VII.
1239 4087 1282 4151 25,
1308 4085 1344 4138 ad
1363 4087 1423 4139 Α11.
1444 4083 1517 4137 XIII.

173 4174 197 4226 6.
215 4174 245 4237 3;
271 4173 317 4225 IX.
338 4175 377 4227 10.
395 4176 420 4226 4.
444 4178 473 4226 et
496 4187 566 4240 quae
585 4169 652 4223 Otto
670 4169 826 4224 Hirschfeld
845 4171 970 4236 (Hermes
987 4169 1019 4223 V.
1038 4171 1100 4237 296)
1126 4171 1243 4223 adnotat
1262 4172 1297 4223 ad
1316 4170 1463 4240 epistulam
1482 4170 1517 4223 ad

173 4258 236 4312 fam.
255 4259 287 4311 V.
306 4259 348 4324 20,
367 4262 451 4326 atque
468 4257 602 4325 imprimis
621 4258 649 4309 C.
664 4256 709 4308 Fr.
728 4257 867 4310 Hermann
887 4257 904 4309 l.
923 4273 945 4309 c.
963 4256 997 4310 II.
1018 4258 1093 4311 7-8.

226 4394 252 4462 ²)
277 4394 310 4448 cf.
329 4393 407 4447 Nake
429 4410 490 4462 pag.
509 4396 574 4448 699:
604 4392 656 4447 Die
680 4393 718 4445 im
745 4393 835 4446 Codex
858 4391 982 4448 datirten
1006 4392 1098 4446 Briefe
1122 4396 1244 4446 mussten
1269 4391 1340 4444 nach
1367 4390 1441 4444 ihrer
1464 4391 1519 4443 Ab·

173 4479 358 4547 fassungszeit
381 4479 411 4531 in
436 4479 575 4547 folgender
593 4479 725 4546 Ordnung
750 4479 858 4533 stehen:
891 4480 915 4532 9.
936 4480 975 4532 10.
997 4481 1033 4532 11.
1057 4480 1094 4531 18.
1118 4481 1155 4532 19.
1174 4481 1214 4531 20.
1233 4479 1275 4530 23.
1294 4480 1335 4531 26.
1355 4480 1397 4529 21.
1414 4478 1456 4530 24.
1475 4477 1517 4530 25.

173 4567 261 4619 Schen
283 4565 333 4618 wir
358 4566 423 4618 aher
449 4565 493 4618 die
517 4564 694 4632 Reihenfolge
718 4581 767 4631 an,
799 4564 828 4616 in
852 4563 901 4616 der
930 4562 1024 4616 Cicero
1054 4563 1192 4616 dieselben
1217 4563 1307 4616 Briefe
1332 4561 1438 4616 schrieh
1463 4562 1519 4614 und

172 4650 297 4719 empfing,
323 4668 352 4704 so
376 4650 468 4704 finden
491 4651 541 4704 wir
565 4651 691 4718 fulgenda
710 4650 854 4717 Ordnung:
885 4651 909 4702 9.
930 4650 969 4701 10.
990 4652 1029 4702 11.
1050 4651 1090 4703 18.
1111 4651 1151 4703 19.
1166 4650 1213 4726 20.
1232 4650 1274 4703 21.
1292 4651 1335 4704 23.
1353 4651 1396 4703 24.
1415 4650 1456 4702 25.
1475 4649 1519 4714 26,
