3376 5070
817 115 857 173 30

738 199 943 208 -—---

164 373 252 437 nulla
279 373 321 438 ad
349 383 487 440 nostram
517 383 651 441 aetatem
680 378 866 463 pervenerit.
919 378 1042 442 Accidit
1069 376 1216 454 fortasse,
1254 383 1291 439 ut
1327 377 1360 439 in
1390 345 1513 440 summa
1626 444 1628 449 ,

164 493 338 558 animorum
360 493 612 576 perturbatione,
643 517 739 581 quum
764 497 871 561 Cicero
894 517 914 558 a
935 496 1108 559 triumviris
1129 496 1326 580 proscriptus
1346 495 1511 579 praecipiti

164 605 238 689 fuga
265 608 398 674 Romam
422 611 627 695 relinqueret,
664 612 834 698 epistulae,
870 614 897 677 si
924 634 1003 698 quas
1033 620 1110 676 tunc
1131 614 1181 676 vel
1209 612 1296 676 dedit
1325 613 1374 675 vel
1402 606 1512 676 missas

164 728 292 811 accepit,
313 728 474 809 neglectae
499 731 638 795 iacerent
659 738 756 816 atque
779 732 1009 795 amitterentur.
1053 730 1163 815 Neque
1184 731 1276 807 enim,
1297 730 1416 814 opinor,
1438 728 1511 793 Tiro

163 850 228 907 tam
258 846 430 929 tranquillo
461 849 564 912 animo
593 856 677 926 erat,
705 856 743 913 ut
772 849 811 912 de
842 849 985 934 epistulis
1012 825 1174 912 servandis
1203 855 1300 931 atque
1329 847 1521 928 colligendis

167 963 332 1042 cogitaret,
360 985 455 1047 quum
481 966 546 1029 vita
574 968 700 1050 patroni
729 966 978 1050 periclitabatur.
1023 965 1139 1030 Verum
1161 965 1222 1029 hoc
1240 986 1302 1029 uon
1325 965 1423 1043 valet,
1452 967 1511 1029 nisi

164 1078 204 1142 de
232 1081 376 1165 epistulis
404 1081 573 1147 Novembri
603 1085 652 1148 vel
680 1085 807 1149 ineunte
836 1085 1002 1149 Decembri
1029 1085 1130 1161 datis,
1164 1086 1239 1167 (quo
1264 1104 1368 1147 mense
1390 1083 1512 1148 Tullius

165 1198 343 1263 trucidatus
372 1197 449 1284 est),
482 1222 578 1285 quum
610 1201 789 1281 Octavium,
825 1203 1008 1279 Antonium,
1037 1202 1189 1286 Lepidum
1220 1222 1287 1265 sese
1315 1177 1512 1266 coniunsisse

165 1336 227 1378 non
255 1324 329 1380 ante
357 1316 564 1383 Nouembrem
595 1319 712 1384 Romae
743 1322 899 1401 cognitum
930 1321 1001 1397 sit,¹
1029 1341 1131 1404 neque
1159 1327 1233 1384 ante
1261 1319 1394 1382 medium
1426 1318 1511 1382 huno

164 1454 303 1497 mensem
325 1433 432 1498 Cicero
462 1435 541 1512 aa.
572 1436 668 1501 Pedio
697 1440 876 1518 exagitatus
904 1423 988 1501 inde
1007 1437 1150 1519 fugerit²
1195 1437 1305 1522 Neque
1334 1459 1407 1501 vero
1426 1437 1512 1500 idem

166 1549 226 1614 hoc
247 1554 352 1635 potuit
374 1553 518 1618 Tironem
540 1555 699 1639 impedire,
720 1557 887 1641 quominus
906 1556 1058 1640 epistulas
1079 1557 1218 1640 priorum
1239 1556 1333 1618 trium
1359 1557 1508 1620 mensium

166 1666 292 1734 Sextilis
326 1671 409 1748 dico,
444 1671 649 1757 Septembris,
687 1673 832 1738 Octobris
869 1672 1029 1754 colligeret
1062 1682 1159 1759 atque
1194 1673 1309 1736 ederet.
1361 1673 1510 1737 Consulto

164 1787 261 1867 igitur
282 1787 341 1852 has
362 1789 514 1872 epistulas
537 1792 703 1855 retinuisse
724 1792 885 1875 putandus
907 1800 962 1868 est,
992 1798 1024 1854 et
1046 1791 1170 1875 quidem
1194 1789 1301 1854 eadem
1324 1811 1426 1868 causa,
1447 1812 1511 1875 qua
1543 1846 1544 1850 ,

165 1913 338 1970 commotus
359 1906 483 1971 Atticus
505 1907 623 1972 nullam
646 1909 812 1993 epistulam
834 1909 950 1986 edidit,
980 1928 1073 1993 quam
1098 1914 1170 1991 post
1191 1927 1307 1970 annum
1333 1912 1392 1969 710
1414 1907 1510 1971 adse

165 2023 289 2087 missam
317 2025 453 2109 accepit:
499 2025 580 2089 Sunt
606 2028 686 2092 enim
710 2029 827 2091 iamin
855 2029 915 2105 eis,
942 2048 1023 2112 quae
1051 2032 1235 2110 supersunt,
1262 2023 1378 2110 quibus
1400 2024 1509 2088 Octavi

164 2140 242 2204 fides
271 2142 304 2204 in
332 2142 461 2207 dubium
491 2152 619 2209 vocetur
646 2153 742 2231 atque
771 2147 928 2210 hostiliter
955 2147 995 2209 de
1025 2167 1061 2210 eo
1089 2145 1286 2228 disputetur3
1323 2142 1393 2206 vide
1414 2143 1507 2207 modo

165 2259 330 2342 epistulam
360 2267 395 2324 15
418 2261 492 2325 libri
512 2262 594 2341 XVI,
615 2263 669 2327 ubi
692 2264 824 2345 legimus
847 2264 880 2352 (ξ
899 2269 948 2343 til:
972 2283 1164 2347 quoiusquam
1186 2264 1217 2325 iu
1240 2264 1417 2344 praesentia
1437 2265 1508 2326 terte
1600 2349 1601 2352 Ἴ

164 2379 220 2440 iste
239 2398 322 2459 puer
344 2383 480 2444 reta-adit
503 2385 684 2456 Ausoniam,
711 2393 811 2446 tameo
837 2386 956 2447 cairam
977 2393 1115 2463 spectare
1137 2383 1280 2445 debemus
1304 2429 1310 2440 .
1336 2427 1342 2440 .
1366 2400 1424 2444 nos
1443 2383 1507 2443 eius
1533 2372 1535 2376 ’

165 2499 356 2560 voluntatem
375 2509 446 2561 arete
466 2499 541 2561 Idas
561 2500 740 2564 Decembres
758 2502 845 2578 (amn
864 2504 937 2576 710)
959 2501 1179 2580 perspiciemus
1200 2501 1233 2560 in
1251 2498 1348 2561 Casca
1366 2502 1506 2562 nastro.³

171 2612 268 2690 Quid,
301 2614 387 2698 quod
413 2615 538 2679 Atticus
565 2617 683 2680 nullam
709 2616 874 2700 epistulam
905 2615 1019 2690 edidit,
1047 2635 1129 2698 quae
1158 2621 1231 2698 post
1260 2613 1318 2676 has
1343 2613 1419 2677 Idus
1447 2615 1509 2676 Dc·
1623 2658 1624 2662 ,

166 2731 306 2795 cernbres
340 2733 417 2795 data
452 2734 533 2796 sit?⁴
581 2733 691 2799 Norure
719 2755 828 2797 revera
857 2733 1035 2796 Ciceronem
1066 2731 1126 2795 hoc
1154 2731 1204 2794 die
1231 2732 1427 2815 perspexisse
1457 2751 1510 2794 vo-

166 2849 319 2914 luntatem
345 2851 467 2914 Octavii
496 2859 528 2915 et
556 2852 629 2915 inde
657 2859 720 2916 tarn
753 2851 901 2933 gravibus
931 2850 1035 2914 verbis
1064 2850 1150 2934 apud
1178 2849 1317 2914 Atticum
1349 2869 1510 2915 accusasse

166 2966 341 3045 credemus,
371 2975 407 3030 ut
435 2969 644 3053 imprudentis
665 2977 762 3055 atque
784 2970 912 3034 audacis
934 2977 1016 3033 esset
1037 2968 1115 3032 haec
1136 2970 1266 3032 Octavio
1289 2967 1419 3032 florente
1439 2988 1511 3051 per·

166 3084 337 3165 vulgare?⁵
384 3085 463 3151 Nam
494 3087 579 3172 quod
609 3087 716 3155 Cicero
744 3090 777 3151 in
805 3087 948 3172 epistulis
976 3087 1018 3151 ad
1046 3086 1124 3151 alios
1152 3087 1236 3150 datis
1264 3093 1296 3150 et
1325 3085 1451 3170 publice
1480 3086 1513 3148 in

170 3202 365 3268 orationibus
389 3204 551 3270 Octavium
580 3206 729 3270 laudibus
757 3226 870 3270 ornare
890 3207 1010 3290 pergit,
1041 3205 1074 3268 id
1094 3226 1158 3268 nou
1178 3226 1216 3268 ex
1238 3205 1334 3268 animi
1355 3205 1513 3268 sententia

165 3320 338 3406 profectum
370 3329 432 3400 est,
462 3324 518 3387 sed
544 3344 580 3388 eo
609 3331 745 3409 spectat,
781 3332 818 3388 ut
844 3345 911 3389 eam
942 3324 984 3387 ad
1012 3323 1163 3387 bonorum
1192 3342 1272 3406 quos
1300 3321 1376 3385 dicit
1405 3329 1513 3405 partes

167 3439 275 3503 trahat
295 3449 465 3526 avocetque
485 3441 527 3505 ab
550 3442 678 3507 Antonii
699 3444 923 3519 coniunctione,
953 3462 1046 3525 quam
1069 3439 1137 3516 sibi,
1168 3438 1313 3503 omnibus
1342 3437 1440 3514 banis,
1466 3439 1512 3502 rei

167 3557 313 3642 publicae
345 3560 440 3623 exitio
475 3559 615 3624 futuram
649 3561 793 3646 putabat.
846 3560 958 3646 Itaque
992 3560 1078 3644 quod
1112 3557 1289 3622 Ciceronem
1327 3563 1513 3636 arroganter

224 3745 247 3811 ι)
272 3744 305 3796 cf.
324 3744 467 3797 Drumanu
484 3745 505 3797 Ι.
524 3762 585 3813 pag.
604 3747 656 3800 359
674 3750 730 3799 not.
748 3747 791 3810 st,
809 3746 936 3799 sardot.
956 3746 994 3804 14,
1013 3744 1064 3797 369
1083 3745 1139 3794 not.
1158 3742 1199 3794 62.
1220 3739 1267 3793 IV.
1285 3741 1344 3794 374.

223 3849 248 3915 ²)
266 3847 299 3900 cf.
318 3848 461 3900 Drumann
478 3849 498 3900 I.
517 3850 577 3902 370.
595 3849 640 3901 IV.
659 3851 719 3902 374.

220 3951 244 4016 ⁸)
270 3950 302 4003 cf.
329 3950 415 4004 etiam
443 3951 479 4003 ad
502 3953 562 4005 Ati.
588 3951 659 4005 XVI.
683 3953 719 4006 14.
749 3954 768 4016 1,
788 3952 817 4003 2:
853 3949 957 4015 „Valde
980 3946 1034 4001 tibi
1060 3947 1204 4013 assentior,
1235 3946 1259 4001 si
1283 3947 1401 4000 multum
1425 3946 1512 4014 possit

166 4034 347 4101 Octavianus,
372 4037 458 4090 multo
483 4036 587 4090 firmius
609 4042 674 4091 scta
692 4035 804 4106 tyranni
822 4034 1027 4101 comprobatum
1043 4033 1092 4100 iri,
1120 4049 1202 4101 quam
1222 4032 1252 4085 in
1270 4031 1402 4100 Telluris,
1429 4035 1512 4099 atque

165 4120 194 4174 id
217 4126 314 4175 contra
333 4123 450 4175 Brutum
473 4122 529 4176 fore
556 4165 561 4175 .
588 4141 601 4188 ,ς
631 4123 677 4177 sed
696 4122 725 4175 in
743 4121 797 4174 isto
816 4120 920 4186 iuvene,
937 4135 1101 4187 quamquam
1119 4118 1204 4172 animi
1223 4118 1307 4184 satis,
1334 4115 1512 4171 auctoritatis

331 4210 347 4236 t<
843 4226 847 4231 ,

165 4222 261 4359 panlln
275 4212 402 4346 Cbirrium
426 4297 577 4347 extremam
598 4293 677 4347 ‘XVL
698 4293 739 4359 15)
765 4292 846 4359 paulo
870 4294 932 4359 post
950 4289 982 4342 V.
998 4288 1038 4343 Id.
1056 4289 1120 4342 Dec.
1146 4288 1259 4341 missam
1281 4287 1337 4341 Iob.
1355 4289 1389 4341 de
1408 4288 1513 4341 Gruber

65 4447 66 4451 ἵ
166 4379 254 4446 docet,
273 4395 334 4447 pag.
353 4380 395 4433 32.

221 4481 243 4549 ⁵)
268 4482 371 4534 Eodem
389 4483 467 4534 modo
486 4481 599 4534 Asinius
616 4479 703 4533 Pollio
720 4478 749 4530 in
769 4477 932 4543 „Historiis“
949 4477 1005 4530 suis
1024 4477 1142 4530 evitasse
1159 4475 1269 4528 videtur
1286 4479 1317 4528 ut
1336 4475 1512 4542 ,periculosae

165 4568 275 4636 plenum
299 4583 365 4635 opus
391 4568 475 4620 alese‘
494 4567 593 4620 bellum
614 4565 692 4618 civile
711 4563 858 4632 quoderat
882 4564 957 4617 iuter
974 4562 1118 4617 Octavium
1136 4566 1165 4615 et
1181 4560 1333 4614 Antonium
1350 4560 1511 4614 describere.

166 4653 199 4706 cf.
219 4653 330 4707 Teuffel.
348 4654 365 4706 l.
385 4669 406 4706 c.
425 4669 486 4722 pag.
506 4654 565 4707 383.
