3376 5070
745 127 946 222 „AL

217 388 352 453 Planci
374 388 413 452 X.
439 395 488 452 2⁴.
511 411 539 454 a.
561 390 592 453 d.
615 389 653 453 V.
677 390 747 454 Kal.
771 390 857 454 Sext.

216 505 420 570 Pollionis
442 505 480 569 X.
504 511 555 570 32.
581 513 631 570 33.
660 508 789 573 ineunte
811 530 915 573 mense
935 508 1035 572 lunio.

278 624 420 709 Apparet
454 624 551 704 igitur
582 624 647 690 fere
677 647 784 691 omnes
819 625 971 711 epistulas
1005 623 1146 710 proxime
1178 627 1326 690 accedere
1362 627 1404 691 ad
1440 627 1516 691 Idus
1588 661 1590 665 ·

173 741 359 820 Quinctiles,
390 741 446 805 sed
475 741 535 806 lroc
564 746 697 808 termino
726 745 816 830 quasi
842 745 958 808 recisas
987 764 1068 820 esse,
1096 764 1190 808 unam
1222 765 1305 828 qnae
1330 753 1403 829 post
1432 744 1516 808 hunc

171 858 337 923 terminum
362 858 439 923 data
459 867 508 924 est
530 860 582 941 (X.
606 867 659 941 34)
682 882 745 926 non
767 862 925 926 Ciceronis
946 882 1012 926 esse
1033 861 1089 925 sed
1110 860 1227 923 Planci.

275 974 396 1063 Itaque,
423 978 579 1044 siveram
608 986 657 1044 est
679 978 857 1075 Ciceronem
885 977 1051 1064 patefactis
1071 978 1235 1042 Octauiani
1263 978 1400 1042 consiliis
1422 978 1515 1043 simul

171 1113 241 1158 oum
270 1114 393 1161 summa
419 1116 477 1160 sua
506 1097 724 1182 desperatione
751 1073 872 1175 odium,
909 1097 995 1182 quod
1022 1096 1131 1181 procul
1159 1095 1255 1158 dubio
1284 1097 1452 1160 maximum
1482 1098 1515 1159 in

170 1211 257 1277 illum
286 1215 482 1298 suscepisset
510 1214 625 1278 litteris
653 1215 695 1280 ad
723 1235 776 1279 eos
796 1215 888 1292 datis,
917 1216 971 1300 qui
999 1215 1129 1279 eandem
1153 1234 1277 1278 causare
1299 1222 1514 1298 sequerentur,

171 1330 417 1410 connrrendasse,
452 1332 531 1396 haec
559 1353 653 1397 causa
681 1340 743 1410 est,
780 1353 836 1396 cur
864 1332 969 1396 nullae
1002 1331 1099 1396 huius
1127 1333 1278 1417 temporis
1307 1333 1410 1396 editae
1440 1334 1514 1396 sint.

172 1446 367 1533 Quamquam
398 1470 462 1513 non
489 1451 669 1531 ignoramus
698 1471 765 1514 esse
792 1452 876 1514 inter
903 1450 1055 1535 epistulas
1084 1450 1125 1514 ad
1152 1449 1195 1512 M.
1224 1449 1361 1513 Brutum
1391 1451 1427 1530 (l.
1456 1456 1514 1530 18),
1592 1503 1595 1508 .

171 1585 251 1650 quae
284 1566 311 1629 V.
339 1567 408 1635 llnl.
431 1567 560 1633 Sextiles
589 1568 667 1633 data
690 1575 801 1633 contra
828 1567 911 1632 hanc
937 1568 1077 1648 regulam
1106 1566 1208 1631 facere
1234 1568 1391 1645 videatur,
1420 1589 1513 1653 quam

170 1680 313 1748 Tironem
337 1684 397 1748 sibi
419 1685 603 1770 imposuisse
624 1688 801 1751 statuimus.
834 1684 944 1771 Neque
965 1693 1013 1749 est
1035 1707 1092 1770 per
1113 1706 1154 1762 se,
1176 1707 1233 1750 cnr
1251 1687 1399 1750 miremur
1419 1707 1513 1750 unam

170 1801 351 1886 epistulam,
378 1823 474 1887 quum
498 1804 680 1870 innocenter
701 1811 733 1868 et
754 1805 820 1867 sine
839 1804 888 1866 ira
907 1805 1085 1888 conscripta
1107 1811 1202 1881 esset,
1232 1825 1421 1889 quamquam
1444 1812 1516 1889 post

143 1977 147 1983 ,
170 1917 257 1983 illum
283 1921 449 1984 terminum
473 1920 550 1985 data
571 1929 661 2000 esset,
683 1923 717 1984 in
738 1921 899 1986 volumina
918 1927 1076 2005 receptam
1097 1941 1174 2021 esse.
1223 1918 1307 1995 Quid
1329 1942 1409 1997 vero,
1431 1922 1516 2004 quod

171 2036 299 2100 eandem
330 2037 412 2102 hanc
441 2040 607 2124 epistulam
636 2048 669 2104 et
697 2041 870 2125 proximam
902 2036 985 2123 (17),
1021 2059 1115 2124 quam
1145 2037 1251 2101 eodem
1282 2036 1347 2101 fere
1375 2043 1515 2121 tempore

171 2155 276 2219 datam
309 2176 376 2220 esse
397 2157 574 2235 credideris,
606 2157 815 2244 Nipperdeius
836 2164 869 2221 et
891 2156 1083 2222 Schmidtius
1104 2194 1144 2202 —
1167 2162 1204 2219 ut
1225 2155 1349 2219 silentio
1372 2155 1513 2217 omittam

170 2271 289 2353 Anglos
318 2275 457 2353 criticos,
488 2276 543 2361 qui
571 2297 680 2341 omnes
700 2276 835 2339 duorum
856 2274 971 2339 horum
992 2274 1145 2338 librorum
1166 2273 1318 2357 epistulas
1340 2272 1515 2336 subditivas

172 2411 240 2455 esse
262 2392 429 2457 voluerunt
457 2430 496 2440 —
523 2400 688 2479 tantopere
711 2401 744 2458 et
770 2415 790 2457 a
811 2392 970 2458 Ciceronis
997 2400 1029 2456 et
1049 2391 1143 2455 Bruti
1169 2391 1293 2455 dicendi
1321 2399 1421 2478 atque
1445 2411 1515 2454 sen-

171 2509 268 2572 tiendi
298 2511 419 2575 ratione
450 2519 483 2575 et
503 2533 524 2576 a
544 2512 753 2596 temporibus,
784 2533 865 2596 quae
883 2519 959 2575 tune
979 2518 1083 2588 erant,
1111 2509 1283 2574 abhorrere
1308 2509 1514 2584 consentiunt,

171 2634 207 2690 nt
230 2628 310 2691 duas
332 2627 389 2692 has
409 2629 560 2713 epistulas
582 2651 620 2694 ex
642 2651 678 2695 eo
700 2630 814 2694 iudicio
836 2629 1002 2713 excipiant,
1025 2650 1087 2714 quo
1104 2628 1243 2712 reliquas
1259 2627 1301 2691 ad
1319 2627 1361 2690 M.
1379 2626 1512 2690 Brutum

173 2746 324 2824 genuinas
355 2767 422 2810 esse
450 2753 645 2825 statuerunt,
673 2755 770 2833 atque
799 2747 851 2812 hie
880 2748 1006 2832 quidem
1035 2748 1200 2811 maximam
1229 2753 1351 2830 partem
1375 2745 1515 2808 luculen-

171 2863 290 2927 tissime
318 2862 566 2930 demonstrauit?
611 2864 690 2932 Nam
723 2887 818 2951 qurnn
847 2867 879 2928 in
902 2886 939 2929 ea
960 2866 1237 2941 commentatione,
1266 2884 1359 2950 quam
1390 2864 1429 2927 de
1449 2864 1515 2948 epi-

170 2980 263 3044 stulis
291 2988 324 3045 et
351 3002 371 3045 a
393 2979 500 3047 Cassio
526 2990 558 3048 et
585 2983 627 3047 ad
649 2982 789 3051 Cassium
818 2983 902 3048 datis
925 2983 1076 3046 Brutinas
1105 2982 1164 3046 has
1187 2982 1340 3067 epistulas
1367 2981 1515 3045 extremis

171 3099 310 3184 quinque
331 3099 405 3186 libri
426 3101 521 3185 primi
542 3103 682 3186 exceptis
703 3123 771 3166 cum
793 3100 880 3166 Cassi
901 3108 1006 3186 atqua
1037 3100 1091 3164 ubi
1112 3122 1172 3185 par
1192 3107 1269 3177 erat,
1291 3120 1359 3164 cum
1381 3099 1513 3162 aliorum

170 3216 347 3303 aequalium
379 3219 523 3303 epistulis
550 3240 644 3305 quam
673 3220 905 3285 accmatissime
933 3217 1103 3295 conferret,
1130 3225 1255 3301 tempus
1283 3239 1346 3302 quo
1374 3215 1513 3296 singulae

171 3335 266 3400 datae
301 3337 379 3412 sint,
414 3339 569 3419 sagaciter
602 3337 744 3403 definivit
777 3338 946 3423 doomtqne
981 3337 1180 3418 gravissimas
1214 3334 1399 3399 offensiones
1435 3354 1514 3419 quas

172 3454 270 3518 critici
293 3454 387 3537 Angli
416 3456 449 3518 in
480 3455 531 3521 his
560 3455 704 3540 epistulis
723 3456 782 3521 sibi
812 3456 966 3520 invenisse
987 3456 1045 3519 visi
1067 3455 1139 3530 sint,
1160 3474 1181 3517 a
1202 3451 1236 3517 (l.
1259 3452 1311 3515 Fr.
1334 3451 1514 3516 Hermanno

172 3573 203 3634 in
233 3572 335 3637 medio
363 3572 506 3651 relictas,
538 3573 708 3640 dummodo
740 3581 828 3638 reeta
855 3571 1031 3654 corrigendi
1058 3573 1140 3636 ratio
1168 3570 1372 3647 adhibeatur,
1408 3570 1516 3633 irritas

173 3689 304 3754 evertere
326 3698 422 3775 atque
444 3712 637 3756 evanescere.
680 3691 882 3778 Reliquorum
909 3689 1114 3775 epistularum
1137 3689 1258 3775 priores
1278 3685 1343 3752 tres
1364 3690 1516 3769 genmnos

172 3806 231 3869 sibi
253 3807 361 3886 rideri,
382 3816 539 3874 extremas
559 3811 684 3894 spurias
705 3810 783 3875 satis
805 3808 918 3874 habuit
939 3808 1103 3872 indicasse.
1140 3807 1246 3891 Atque
1265 3806 1344 3870 haec
1360 3807 1517 3870 sententia

171 3926 230 4001 eis,
258 3946 340 4009 quae
367 3926 407 3991 de
437 3928 570 3992 termino
596 3935 693 4014 atque
723 3927 786 3991 tine
814 3926 960 3992 omnibus
986 3924 1129 4010 epistulis
1152 3924 1340 3989 Tironianae
1370 3923 1517 3987 editionis

172 4045 327 4108 communi
344 4043 581 4129 disputavimus
603 4045 827 4131 comprobatur
843 4051 939 4130 atque
956 4043 1144 4107 illustratur.
1172 4042 1269 4107 Recte
1283 4044 1365 4106 euim
1380 4041 1517 4126 Nipper-

172 4159 243 4225 deio
278 4168 406 4227 auctore
438 4162 567 4228 eandem
597 4163 733 4228 omnium
771 4161 975 4247 epistularum
1005 4162 1212 4227 conditionem
1239 4160 1335 4225 tuisse
1361 4167 1456 4240 negat
1485 4164 1517 4220 et

173 4299 270 4363 quum
296 4279 438 4344 homines
466 4280 551 4344 docti
580 4282 695 4365 prioris
722 4282 837 4345 aetatis
866 4287 996 4344 cunctas
1023 4279 1175 4365 epistulas
1203 4285 1261 4343 aut
1288 4279 1440 4359 genuinas
1460 4283 1517 4339 aut

172 4398 297 4481 spurias
316 4418 384 4462 esse
404 4396 623 4475 affirmassent,
653 4399 784 4463 mediam
807 4399 889 4463 viam
917 4399 1077 4480 ingressus
1096 4405 1153 4473 est,
1181 4419 1245 4482 qua
1267 4417 1331 4459 una
1351 4396 1393 4459 ad
1423 4395 1516 4458 finem

172 4516 335 4601 pervenire
362 4537 538 4600 possumus.
589 4515 715 4581 Etenim
743 4516 900 4603 quomodo
925 4515 1043 4580 lactum
1072 4517 1129 4592 sit,
1156 4522 1193 4578 ut
1221 4516 1291 4600 quis
1319 4514 1472 4599 epistulas
1500 4534 1517 4576 e

172 4652 229 4696 sno
256 4635 378 4716 ingenio
406 4635 497 4700 tietos
522 4634 668 4712 adderet,
705 4634 851 4699 acilnme
887 4634 1083 4716 intelligitur,
1120 4640 1290 4718 postquam
1317 4633 1518 4716 cognorimus
