3376 5070
276 379 396 446 Verum
429 387 537 444 tamen
570 386 630 457 est,
667 379 754 465 qnod
787 379 869 445 hanc
897 380 1051 444 librorum
1081 383 1284 466 partitionem
1311 382 1516 447 commendet.

172 499 253 564 Nam
282 520 380 585 quum
400 497 556 579 Leighton
584 497 682 562 libros
711 497 851 562 l—XII.
874 520 931 583 per
959 519 992 562 se
1020 520 1112 562 suum
1131 500 1276 563 volumen
1300 494 1422 564 efficere
1443 501 1518 564 velit

172 626 258 682 certo
287 617 347 681 hoc
375 616 504 681 consilio
533 616 757 700 compositum,
786 622 823 678 ut
851 617 954 700 primo
976 617 1043 680 loco
1065 625 1270 697 cognoscatur
1288 620 1365 703 quid
1386 620 1518 682 rationis

172 734 280 800 Cicero
301 734 450 798 habuerit
470 755 542 798 cum
565 733 794 818 compluribus,
823 735 877 818 qui
900 735 927 797 ei
955 734 1134 798 litterarum
1154 737 1340 800 commercio
1362 738 1518 801 coniuncti

171 861 277 930 crant,
309 851 445 916 secundo
474 872 526 916 res
553 858 661 932 gestae
681 859 805 915 seruato
828 854 978 937 cuiusque
1000 854 1075 916 amri
1097 853 1205 917 ordine
1228 862 1423 932 enarrentur,
1450 857 1517 939 ipae
1581 917 1582 920 ,

171 972 314 1036 coneedit
340 981 425 1055 (pag.
447 974 487 1032 27
510 968 573 1055 sq.)
598 989 666 1034 ease
694 978 821 1053 praeter
848 970 990 1051 regulam
1016 969 1142 1049 factum,
1173 971 1258 1056 quod
1287 971 1368 1035 liber
1389 981 1518 1037 octavus

171 1091 256 1154 hunc
285 1089 389 1152 locum
419 1094 520 1165 tenet,
549 1109 648 1173 quum
674 1089 791 1152 rectius
818 1090 954 1154 secundo
982 1072 1071 1154 libro*
1085 1090 1247 1175 proximus
1268 1088 1394 1154 futurus
1412 1090 1516 1154 fuerit.

171 1208 264 1272 Hunc
292 1207 476 1291 scrupulum
501 1226 559 1270 nos
587 1207 688 1270 vitare
716 1228 840 1284 censeo,
871 1209 897 1271 si
925 1229 995 1272 eam
1022 1208 1176 1272 librorum
1204 1209 1407 1292 partitionem
1435 1211 1517 1273 acci-

171 1328 275 1412 pimus
308 1345 405 1410 quam
438 1324 590 1387 traditam
629 1344 696 1388 esse
730 1324 874 1388 vidimus.
924 1326 1036 1412 Itaque
1073 1328 1100 1390 si
1129 1326 1189 1391 hoo
1215 1327 1360 1391 volumen
1387 1348 1407 1390 a
1435 1327 1517 1391 libro

170 1447 272 1530 primo
293 1441 457 1529 usquead
476 1443 637 1506 ineuntem
659 1463 778 1506 nonum
799 1443 967 1526 pertinuit,
996 1443 1214 1508 benefactum
1236 1453 1297 1522 est,
1327 1445 1412 1530 quod
1436 1445 1516 1508 liber

173 1571 314 1640 octavius,
349 1581 448 1646 quum
471 1574 539 1623 ‘non
567 1560 666 1643 ipsius
695 1559 853 1624 Ciceronis
882 1561 938 1624 sed
966 1560 1052 1625 Caeli
1081 1562 1234 1647 epistulas
1260 1558 1450 1642 contineret,
1483 1565 1516 1625 iu

173 1681 235 1744 fine
257 1680 351 1743 huius
372 1678 539 1762 voluminis
560 1678 682 1761 positus
703 1684 765 1755 est,
793 1677 906 1762 reliqui
929 1678 1003 1740 libri
1024 1699 1061 1742 eo
1084 1680 1193 1743 ordine
1215 1702 1248 1744 se
1270 1681 1439 1764 excipiunt,
1461 1682 1514 1765 qui

173 1807 353 1884 temporum
373 1797 490 1860 rationi
512 1793 674 1858 satisfacit.

277 1916 360 1980 Nam
389 1916 415 1979 si
438 1912 554 1998 quibus
575 1913 666 1975 aunis
688 1911 843 1995 plurimae
865 1913 958 1976 unius
980 1912 1131 1995 cuiusque
1152 1911 1226 1975 libri
1247 1912 1401 1997 epistulae
1422 1915 1516 1977 datae

172 2037 236 2100 sint
257 2034 489 2118 componimus:

526 2147 581 2210 lib.
640 2144 664 2209 I.
687 2166 758 2231 epp.
776 2166 931 2212 annorum
954 2153 1120 2212 eea-700
1142 2149 1290 2226 continet,

546 2314 562 2342 ,
628 2263 667 2327 11.
711 2315 727 2342 ,
855 2316 870 2344 „
959 2271 1125 2328 ror-roc

548 2432 564 2459 ,
607 2381 663 2445 111.
707 2432 723 2460 ,
851 2434 867 2461 ,
956 2388 1122 2447 roa-704

544 2549 561 2577 „
610 2498 663 2562 1v.
851 2550 866 2577 ,
955 2506 1121 2564 roa-roa

549 2665 565 2693 ,
627 2615 665 2678 v.
708 2666 724 2693 „
851 2665 868 2695 „
954 2622 1121 2680 oea-roe

548 2783 563 2810 ,
614 2732 666 2796 Vl.
854 2784 870 2812 ,
956 2738 1123 2797 roa-roe

549 2901 565 2928 ,
595 2849 664 2913 vn.
708 2902 723 2929 „
851 2902 867 2930 „
955 2856 1121 2915 eea-roa
1144 2848 1236 2936 (no)

547 2968 662 3046 „Vnt
707 3019 723 3046 „
765 2956 1130 3047 “Troe-705.

170 3085 280 3170 Neque
308 3085 405 3166 igitur
431 3091 493 3162 est,
529 3094 684 3170 quantum
712 3087 818 3165 video,
852 3109 908 3152 cur
936 3087 1117 3152 diffidamus
1146 3086 1206 3150 hoc
1232 3083 1378 3149 volumen
1405 3084 1515 3147 eadem

170 3203 271 3267 forma
292 3223 312 3266 a
334 3200 448 3266 Tirone
467 3223 535 3268 esse
555 3203 740 3288 profectum.

275 3319 337 3384 Sed
358 3320 459 3384 multo
480 3320 639 3386 difficilius
662 3329 758 3407 atque
772 3323 922 3387 incertius
943 3320 1094 3386 iudicium
1108 3328 1157 3385 eat
1178 3321 1218 3384 de
1233 3319 1333 3384 altero
1351 3318 1514 3396 volumine,

170 3460 234 3504 uon
258 3439 360 3504 solum
389 3440 465 3524 quia
491 3441 631 3504 continet
658 3440 775 3504 librum
806 3440 889 3504 XIII.
913 3461 1043 3524 prorsus
1073 3438 1211 3503 alienum
1238 3459 1258 3500 a
1286 3436 1430 3522 reliquis,
1459 3436 1515 3499 sed

167 3560 266 3634 etiam
287 3559 362 3643 quia
382 3565 503 3621 remoto
524 3557 584 3621 hoo
603 3558 684 3623 libro
705 3558 804 3622 nihilo
819 3560 924 3621 minus
938 3557 1015 3622 ordo
1030 3557 1185 3622 librorum
1205 3556 1372 3640 perspicua
1392 3555 1515 3618 ratione
1584 3561 1585 3564 ’

169 3683 265 3740 caret.
302 3666 385 3739 Nam
399 3676 425 3739 si
445 3681 570 3760 tempus
587 3676 794 3760 epistularum
809 3677 1001 3760 respicimus,
1023 3675 1113 3739 libris
1137 3673 1216 3752 XIV,
1241 3673 1305 3751 XV,
1318 3672 1411 3737 XVI.
1428 3673 1515 3736 locus

170 3795 308 3858 debebat
327 3814 396 3857 esse
417 3800 490 3878 post
511 3793 609 3858 libros
639 3797 675 3871 X,
706 3794 757 3872 XI,
787 3793 854 3872 x11,
882 3795 909 3858 si
930 3794 972 3858 ad
1001 3795 1158 3857 diversam
1180 3792 1334 3856 librorum
1357 3791 1512 3871 originem

170 3911 328 3976 debebant
357 3910 431 3974 libri
461 3913 496 3988 X,
528 3911 579 3990 XL
609 3911 677 3978 XII.
706 3933 726 3976 a
752 3912 882 3998 reliquis
910 3912 1043 3976 seiuncti
1070 3932 1146 3976 esse.
1198 3910 1231 3974 Si
1259 3929 1333 3974 vero
1361 3908 1513 3972 sumimus

169 4031 287 4093 librum
319 4027 405 4092 XIII.
434 4030 586 4114 epistulas
624 4031 913 4107 commendatitias,
948 4030 1047 4094 libros
1077 4029 1162 4093 XIV.
1188 4037 1221 4093 et
1248 4026 1332 4091 XVI.
1361 4026 1513 4112 epistulas

100 4125 103 4131 ’
169 4148 211 4211 ad
233 4146 413 4211 Terentiam
443 4155 475 4211 et
501 4149 543 4211 ad
565 4147 712 4211 Tironem
734 4149 929 4212 continentes
950 4149 1061 4213 seriem
1083 4148 1278 4224 conclusisse,
1302 4168 1342 4210 ne
1363 4146 1423 4208 hae
1445 4145 1528 4228 epi-‘

127 4349 129 4354 .
170 4265 281 4345 stulae,
307 4286 387 4350 quas
409 4267 477 4329 iure
498 4269 671 4350 fertiliores
692 4271 864 4344 vocamus,¹
890 4265 1156 4331 confunderentur
1177 4287 1249 4330 cunr
1270 4262 1408 4348 reliquis,
1431 4284 1512 4348 quae

169 4384 270 4464 magis
291 4383 333 4447 ad
354 4403 420 4445 rem
442 4382 602 4467 publicam
623 4391 775 4469 spectant,
798 4385 876 4469 quid
895 4384 978 4450 libro
1000 4384 1068 4448 XV.
1091 4383 1263 4449 mamus?
1300 4381 1333 4445 Si
1356 4383 1410 4467 qui
1432 4382 1513 4445 forte

229 4553 251 4619 ¹)
275 4551 371 4606 Etiam
396 4551 426 4604 in
452 4550 610 4605 collectione
634 4551 814 4619 epistularum
838 4553 892 4607 Iuli
916 4554 1042 4607 Caesaris
1060 4552 1212 4621 „epistulae
1235 4551 1271 4604 ad
1298 4548 1450 4604 familiares
1468 4551 1513 4604 do·

173 4637 296 4692 mesticis
314 4639 347 4692 de
365 4638 462 4692 rebus“
481 4654 497 4691 a
515 4637 627 4706 reliquis
646 4644 804 4707 segregatas
820 4639 904 4693 fuisse
923 4639 1047 4707 sequitur
1063 4653 1079 4692 a
1097 4639 1207 4694 Sueten.
1227 4637 1303 4690 Caes.
1321 4640 1363 4691 56.
1390 4637 1394 4644 ’
