3376 5070
810 135 850 192 to

729 218 934 226 m·—

159 418 222 461 nou
249 396 403 460 traditum
433 398 489 473 sit,
520 417 582 459 uon
612 404 660 460 est
690 419 746 460 eur
773 418 948 474 sumamus,
980 418 1078 477 quum
1108 396 1258 478 pleraque
1278 398 1402 478 saepius
1430 403 1504 459 eta

160 516 253 578 variis
271 515 479 596 scriptoribus
501 523 744 578 commemorata
767 536 833 578 osso
855 515 1026 579 videamus.

266 633 370 712 Atque
391 634 517 697 omnino
537 634 790 713 restringendum
813 642 861 698 est
886 655 993 697 eorum
1016 633 1181 708 iudicium,
1212 633 1264 710 qui
1289 631 1445 712 epistulas.
1462 631 1501 694 ad

158 751 231 815 fam.
262 752 325 814 sive
349 773 406 833 pro
430 752 584 832 excerptis
606 750 775 827 habentes,
804 753 868 815 sive
891 773 947 834 pro
970 752 1089 814 minore
1111 750 1292 813 collectione
1313 749 1355 812 ad
1378 756 1504 829 tempus

159 870 252 947 edita,
282 890 378 950 quam
399 871 533 933 maiores
555 870 695 933 ciusdem
717 871 894 949 argumenti
916 876 1041 933 secutae
1064 870 1135 944 sint,
1166 870 1197 931 in
1222 888 1360 932 errorem
1382 866 1501 929 inducti

158 996 247 1062 sunt,
283 995 445 1068 tamquam
480 987 574 1052 lirerit
613 989 702 1070 copia
736 987 944 1069 epistularum
973 986 1190 1052 Tulliauarum
1219 1007 1300 1066 quae
1330 986 1362 1048 in
1391 985 1504 1065 vulgus

159 1105 318 1185 quondam
340 1107 443 1169 editae
465 1113 577 1183 essent,
600 1107 691 1186 quasi
712 1105 862 1169 infinita¹

265 1223 408 1302 Rectius,
438 1226 468 1286 ni
498 1223 603 1301 l'allor,
632 1225 678 1288 ita
708 1226 739 1287 in
769 1225 949 1287 universum
978 1224 1162 1300 statuimus,
1191 1222 1293 1285 editas
1322 1221 1417 1285 fuisse
1440 1220 1504 1284 fere

159 1361 265 1405 omnes
295 1341 460 1423 epistulas,
491 1363 571 1422 quas
593 1342 699 1407 Cicero
728 1348 800 1424 post
829 1343 968 1406 medium
995 1363 1113 1406 annum
1137 1346 1196 1404 710
1227 1361 1327 1420 usque
1357 1340 1398 1403 ad
1427 1338 1504 1402 Idus

159 1458 284 1535 Quinct.
310 1464 366 1528 711,
393 1467 425 1523 et
453 1461 593 1524 dedisset
620 1468 653 1524 et
674 1463 860 1544 accepisset,
890 1462 1030 1543 priorum
1052 1481 1207 1525 annorum
1229 1479 1291 1521 non
1313 1459 1358 1521 ita
1378 1456 1503 1535 multos,

158 1578 183 1640 si
206 1585 326 1657 quanta
347 1578 519 1642 multitudo
541 1580 659 1660 scripta
680 1580 722 1643 sit
743 1588 848 1644 mente
870 1579 1111 1653 consideramus,
1140 1598 1241 1657 neque
1263 1577 1359 1639 etiam
1381 1597 1504 1658 semper

159 1673 219 1773 eas,
242 1717 324 1776 quae
344 1696 485 1760 Ciceroni
505 1697 619 1761 missae
640 1705 740 1762 erant.

263 1815 368 1894 Atque
391 1813 538 1878 Tironem
566 1837 674 1880 omnes
701 1816 760 1881 has
787 1816 939 1898 epistulas
970 1853 1009 1862 -
1038 1812 1182 1896 epistulis
1211 1812 1252 1876 ad
1277 1805 1418 1875 Atticum
1448 1833 1503 1875 ex-

158 1933 257 2012 ceptis
280 1971 317 1978 —
342 1932 476 1997 edidisse
497 1933 602 1998 adhue
624 1943 754 2013 utrem,
778 1935 818 1998 de
839 1956 903 2015 qua
918 1933 1056 1997 dubitari
1080 1953 1140 1994 non
1159 1931 1265 2011 possit,
1286 1931 1501 1993 tractavimus.

158 2048 356 2130 Quamquam
393 2053 638 2115 controversiam
672 2053 760 2114 illam
789 2053 953 2115 Atticusno
988 2072 1029 2115 an
1058 2048 1132 2112 Tiro
1162 2040 1370 2129 epistularum
1399 2049 1502 2112 editor

81 2148 83 2152 Α
158 2168 251 2232 fuisse
273 2168 433 2249 putandus
452 2169 502 2244 sit,
525 2169 580 2230 diu
599 2168 797 2250 multumque
819 2170 973 2250 agitatam
990 2175 1022 2231 ot
1044 2189 1082 2230 ne
1104 2188 1186 2229 nunc
1203 2167 1331 2245 quidem
1347 2167 1388 2229 ad
1407 2167 1502 2230 finem

157 2286 343 2378 perductam
359 2307 427 2349 esse
449 2308 539 2350 nemo
562 2288 695 2367 ignorat.
736 2287 798 2350 Sed
820 2309 918 2368 quum
939 2307 990 2349 res
1013 2286 1058 2348 ita
1075 2306 1108 2348 se
1129 2284 1254 2361 habeat,
1276 2292 1313 2346 ut
1327 2293 1383 2348 aut
1404 2306 1502 2365 quae·

157 2426 280 2484 cunque
309 2404 347 2467 de
379 2405 497 2484 origine
524 2412 557 2468 et
585 2406 687 2486 prima
716 2405 894 2470 conditione
921 2403 1127 2485 epistularum
1151 2402 1193 2466 ad
1213 2402 1286 2464 lam.
1309 2410 1405 2483 atque
1427 2404 1502 2466 reli-

159 2544 294 2603 quarum
317 2522 530 2601 disseruimus,
551 2522 632 2588 falsa
654 2524 725 2601 sint,
747 2531 804 2587 aut
825 2524 851 2587 si
872 2543 935 2586 non
955 2521 1036 2585 falsa
1056 2530 1139 2598 sunt
1161 2521 1312 2584 iudicium
1333 2520 1372 2583 de
1388 2521 1501 2584 Tirone

157 2643 234 2706 satis
256 2649 386 2719 constet,
408 2641 554 2706 nolumus
576 2641 700 2724 singula
721 2662 865 2722 quaeque
887 2648 983 2722 atque
1004 2640 1174 2703 minutiora
1191 2639 1312 2715 aliene,
1334 2659 1502 2719 quaecum

158 2759 217 2822 hac
250 2761 406 2824 sententia
441 2759 542 2824 facere
578 2760 757 2836 videantur,
795 2761 982 2843 praesertim
1017 2780 1124 2839 quum,
1145 2759 1206 2821 iam
1233 2757 1274 2821 ab
1303 2758 1391 2820 aliis²
1424 2759 1502 2821 satis

157 2898 314 2957 superque
336 2879 479 2958 exposita
502 2879 574 2940 sint.
618 2878 722 2954 Quum
745 2899 817 2941 vero
840 2877 1017 2952 'l'unstall,³
1049 2876 1242 2951 Manutius,⁴
1269 2875 1498 2952 Drumannus,⁵

158 2994 308 3057 Nakensl
348 2994 389 3058 ad
429 2994 512 3058 hanc
545 2996 735 3059 sententiam
767 2995 969 3088 refutandam
1005 2994 1128 3058 nullum
1161 2994 1248 3058 aliud
1281 3001 1501 3073 argumentum

157 3110 306 3187 oll'orant,
341 3133 437 3192 quam
464 3113 536 3190 hoc,
573 3115 659 3194 quod
687 3114 786 3195 ipsius
808 3113 932 3178 Tironis
959 3112 1113 3195 epistulae
1140 3111 1405 3193 negligentissimo
1436 3112 1501 3176 dis·

155 3231 274 3310 positae
295 3231 372 3308 sint,
402 3231 498 3294 otiam
519 3231 577 3294 hoc
599 3232 715 3296 nullius
736 3232 800 3296 fere
819 3233 970 3297 momenti
992 3252 1059 3295 esso
1080 3238 1222 3312 apparet.
1266 3229 1348 3294 Nam
1369 3230 1500 3306 etiamsi,

155 3354 191 3409 ut
216 3347 261 3409 illi
290 3347 432 3412 hominos
452 3349 535 3411 docti
559 3349 681 3427 volunt,
711 3350 836 3413 Atticus
858 3349 1010 3432 epistulas
1033 3349 1076 3412 ad
1097 3348 1169 3412 fam
1193 3348 1358 3426 edidisset,
1388 3349 1503 3411 nihilo-

154 3466 258 3527 minus
286 3464 410 3530 Tironis
446 3466 556 3530 luisset
591 3488 663 3530 suas
699 3467 850 3548 epistulas
878 3469 984 3531 Attico
1020 3467 1099 3530 bene
1135 3467 1282 3530 collectas
1316 3467 1443 3530 tradere
1471 3475 1503 3530 et

155 3583 286 3662 singulis
307 3583 391 3646 diem
413 3606 509 3665 quam
526 3586 766 3649 accuratissime
788 3585 975 3663 adscribere,
998 3585 1168 3648 dummodo
1191 3585 1340 3648 voluisset
1362 3607 1415 3648 eas
1437 3607 1503 3648 sor-

156 3708 227 3773 vato
263 3703 414 3782 temporis
450 3702 559 3766 ordine
594 3704 626 3766 in
655 3704 814 3768 volumina
849 3705 954 3786 recipi.
998 3703 1142 3766 Manerot
1169 3703 1266 3782 igitur
1295 3703 1502 3784 negligentiae

155 3819 286 3895 crimen,
319 3818 407 3881 cuius
436 3818 582 3883 Tironem
618 3821 779 3886 absolvere
811 3822 930 3886 volunt.
977 3821 1045 3885 Iam
1082 3841 1154 3884 vero
1189 3828 1264 3884 sunt
1301 3841 1409 3884 omnes
1440 3821 1501 3886 hae

155 3935 308 4017 epistulae
336 3936 378 3999 ad
405 3935 552 4000 Tironem
579 3947 654 4002 aute
682 3939 820 4003 medium
849 3960 967 4003 annum
997 3944 1056 4002 tto
1085 3939 1193 4016 datae,
1229 3945 1325 4018 atque
1356 3937 1502 4002 Tironem

155 4074 264 4117 earum
293 4055 500 4134 epistularum
527 4056 559 4117 in
584 4058 735 4138 temporis
763 4057 905 4121 ordinem
930 4057 1188 4139 redigendarum,
1221 4077 1301 4136 quas
1322 4064 1396 4120 ante
1418 4052 1502 4120 limo

212 4224 233 4291 ¹)
257 4222 290 4275 cf.
309 4221 395 4275 Nake.
415 4222 479 4276 hist.
499 4223 560 4276 crit.
579 4241 640 4293 pag.
658 4228 682 4278 9.

210 4310 234 4376 ²)
257 4309 282 4362 J.
308 4311 336 4362 O.
361 4307 593 4375 d'Engelbronner
616 4311 666 4376 „de
693 4310 728 4362 M.
754 4310 843 4364 Tullio
870 4311 993 4364 Tirone.“
1031 4310 1212 4363 Amsterdam.
1253 4312 1325 4364 1804.
1362 4309 1498 4361 Hot'mann

155 4396 293 4460 „Ausgew¹
313 4396 375 4447 Br.“
393 4395 412 4461 I,
436 4410 497 4461 pag.
516 4395 561 4448 Vl.
584 4426 615 4434 --
637 4396 682 4448 XI.
702 4396 863 4464 Bernhardy
882 4397 974 4450 Roem.
993 4395 1088 4461 Litt.¹,
1114 4412 1175 4463 pag.
1193 4397 1252 4449 652.
1290 4395 1425 4458 Lelanton
1444 4396 1460 4447 l.
1480 4411 1501 4447 r.

156 4494 217 4547 pag.
236 4483 269 4533 ao
286 4497 343 4556 sqq.
364 4510 394 4520 -
424 4482 447 4545 ³)
467 4480 555 4548 Epist.
575 4481 610 4534 ad
630 4480 790 4534 Middleton.
828 4482 990 4548 Cambridge
1012 4483 1085 4535 1741.
1121 4497 1181 4548 pag.
1203 4484 1241 4534 lo.

211 4567 234 4633 ⁴)
260 4566 409 4618 Comment.
429 4566 457 4618 in
475 4583 533 4634 epp.
553 4568 588 4620 ad
607 4566 671 4620 fam.
690 4567 808 4634 praefat.
826 4567 872 4620 lib.
891 4567 961 4619 XIV.

211 4653 235 4720 ⁶)
262 4652 356 4704 dasch.
375 4651 457 4704 Roms
475 4652 521 4716 VI,
539 4655 599 4706 409.
618 4682 652 4692 -
682 4656 706 4721 ⁸)
734 4652 799 4706 hist.
818 4652 879 4706 crit.
897 4669 957 4720 pag.
976 4654 1018 4707 32.
