<?xml version="1.0" encoding="UTF-8"?>
<!DOCTYPE html PUBLIC "-//W3C//DTD XHTML 1.0 Transitional//EN"
    "http://www.w3.org/TR/xhtml1/DTD/xhtml1-transitional.dtd">
<html xmlns="http://www.w3.org/1999/xhtml" xml:lang="en" lang="en">
 <head>
  <title>
</title>
<meta http-equiv="Content-Type" content="text/html;charset=utf-8" />
  <meta name='ocr-system' content='tesseract 3.04.00' />
  <meta name='ocr-capabilities' content='ocr_page ocr_carea ocr_par ocr_line ocrx_word'/>
</head>
<body>
  <div class='ocr_page' id='page_1' title='image "./demtulliciceron00gurlgoog_0027.png"; bbox 0 0 3376 5070; ppageno 0'>
   <div class='ocr_carea' id='block_1_1' title="bbox 828 122 864 182">
    <p class='ocr_par' dir='ltr' id='par_1_1' title="bbox 828 122 864 182">
     <span class='ocr_line' id='line_1_1' title="bbox 828 122 864 182; baseline 0.056 -2"><span class='ocrx_word' id='word_1_1' title='bbox 828 122 864 182; x_wconf 86' lang='grc'>18</span> 
     </span>
    </p>
   </div>
   <div class='ocr_carea' id='block_1_2' title="bbox 169 383 1520 804">
    <p class='ocr_par' dir='ltr' id='par_1_2' title="bbox 170 383 1520 469">
     <span class='ocr_line' id='line_1_2' title="bbox 170 383 1520 469; baseline 0.001 -17"><span class='ocrx_word' id='word_1_2' title='bbox 170 389 309 469; x_wconf 90' lang='lat' dir='ltr'>singulas</span> <span class='ocrx_word' id='word_1_3' title='bbox 331 387 425 450; x_wconf 89' lang='lat' dir='ltr'>huius</span> <span class='ocrx_word' id='word_1_4' title='bbox 445 384 518 449; x_wconf 86' lang='lat' dir='ltr'>libri</span> <span class='ocrx_word' id='word_1_5' title='bbox 542 384 693 466; x_wconf 79' lang='lat' dir='ltr'>epistulas</span> <span class='ocrx_word' id='word_1_6' title='bbox 716 384 807 448; x_wconf 83' lang='lat' dir='ltr'>datas</span> <span class='ocrx_word' id='word_1_7' title='bbox 829 405 895 449; x_wconf 91' lang='lat' dir='ltr'>esse</span> <span class='ocrx_word' id='word_1_8' title='bbox 918 383 1036 462; x_wconf 88' lang='lat' dir='ltr'>volunt,</span> <span class='ocrx_word' id='word_1_9' title='bbox 1058 385 1143 450; x_wconf 90' lang='lat' dir='ltr'>hunc</span> <span class='ocrx_word' id='word_1_10' title='bbox 1156 388 1197 451; x_wconf 80' lang='lat' dir='ltr'>&#39;in</span> <span class='ocrx_word' id='word_1_11' title='bbox 1218 389 1348 452; x_wconf 92' lang='lat' dir='ltr'>modum</span> <span class='ocrx_word' id='word_1_12' title='bbox 1370 390 1520 454; x_wconf 86' lang='lat' dir='ltr'>videntur</span> 
     </span>
    </p>

    <p class='ocr_par' dir='ltr' id='par_1_3' title="bbox 169 506 461 588">
     <span class='ocr_line' id='line_1_3' title="bbox 169 506 461 588; baseline -0.014 -19"><span class='ocrx_word' id='word_1_13' title='bbox 169 506 355 588; x_wconf 75' lang='lat' dir='ltr'>dispertitae</span> <span class='ocrx_word' id='word_1_14' title='bbox 376 525 461 568; x_wconf 87' lang='lat' dir='ltr'>esse:</span> 
     </span>
    </p>

    <p class='ocr_par' dir='ltr' id='par_1_4' title="bbox 170 617 764 804">
     <span class='ocr_line' id='line_1_4' title="bbox 170 617 764 706; baseline -0.008 -20"><span class='ocrx_word' id='word_1_15' title='bbox 170 645 242 687; x_wconf 88' lang='lat' dir='ltr'>ann.</span> <span class='ocrx_word' id='word_1_16' title='bbox 256 629 326 686; x_wconf 81' lang='grc'><strong>690.</strong></span> <span class='ocrx_word' id='word_1_17' title='bbox 336 617 467 705; x_wconf 84' lang='lat' dir='ltr'>(chr.)</span> <span class='ocrx_word' id='word_1_18' title='bbox 481 629 504 682; x_wconf 91' lang='grc'>1.</span> <span class='ocrx_word' id='word_1_19' title='bbox 516 617 637 706; x_wconf 88' lang='grc' dir='ltr'><strong>(Β.-Κ.)</strong></span> <span class='ocrx_word' id='word_1_20' title='bbox 652 617 764 703; x_wconf 83' lang='lat' dir='ltr'>l.(W.)</span> 
     </span>
     <span class='ocr_line' id='line_1_5' title="bbox 256 744 505 804; baseline -0.008 -1"><span class='ocrx_word' id='word_1_21' title='bbox 256 744 326 804; x_wconf 82' lang='lat'><strong>698.</strong></span> <span class='ocrx_word' id='word_1_22' title='bbox 479 746 505 802; x_wconf 94' lang='grc'>1.</span> 
     </span>
    </p>
   </div>
   <div class='ocr_carea' id='block_1_3' title="bbox 255 620 1520 1415">
    <p class='ocr_par' dir='ltr' id='par_1_5' title="bbox 255 620 1520 1415">
     <span class='ocr_line' id='line_1_6' title="bbox 773 620 1519 710; baseline 0.008 -28"><span class='ocrx_word' id='word_1_23' title='bbox 773 624 801 682; x_wconf 79' lang='grc'>9.</span> <span class='ocrx_word' id='word_1_24' title='bbox 886 641 958 682; x_wconf 87' lang='grc'><strong>0101.</strong></span> <span class='ocrx_word' id='word_1_25' title='bbox 973 623 1042 683; x_wconf 89' lang='grc'><strong>703.</strong></span> <span class='ocrx_word' id='word_1_26' title='bbox 1052 620 1221 706; x_wconf 56' lang='grc'><strong>(01061116.</strong></span> <span class='ocrx_word' id='word_1_27' title='bbox 1232 623 1352 709; x_wconf 84' lang='grc' dir='ltr'><strong>(Β.-Κ.)</strong></span> <span class='ocrx_word' id='word_1_28' title='bbox 1362 631 1389 687; x_wconf 88' lang='grc'>8.</span> <span class='ocrx_word' id='word_1_29' title='bbox 1400 624 1477 710; x_wconf 75' lang='lat' dir='ltr'>(W.)</span> <span class='ocrx_word' id='word_1_30' title='bbox 1487 631 1519 688; x_wconf 83' lang='lat'>9.</span> 
     </span>
     <span class='ocr_line' id='line_1_7' title="bbox 662 729 1518 806; baseline 0.008 -7"><span class='ocrx_word' id='word_1_31' title='bbox 662 745 685 801; x_wconf 89' lang='grc'>1.</span> <span class='ocrx_word' id='word_1_32' title='bbox 776 744 801 800; x_wconf 90' lang='grc'>1.</span> <span class='ocrx_word' id='word_1_33' title='bbox 973 741 1043 800; x_wconf 83' lang='grc'><strong>104.</strong></span> <span class='ocrx_word' id='word_1_34' title='bbox 1193 729 1223 803; x_wconf 76' lang='lat' dir='ltr'>t.</span> <span class='ocrx_word' id='word_1_35' title='bbox 1367 750 1394 806; x_wconf 85' lang='lat' dir='ltr'>s.</span> <span class='ocrx_word' id='word_1_36' title='bbox 1488 750 1518 805; x_wconf 81' lang='grc'>0.</span> 
     </span>
     <span class='ocr_line' id='line_1_8' title="bbox 255 861 1518 924; baseline 0.002 -4"><span class='ocrx_word' id='word_1_37' title='bbox 255 863 327 921; x_wconf 88' lang='grc'><strong>699.</strong></span> <span class='ocrx_word' id='word_1_38' title='bbox 480 864 506 919; x_wconf 92' lang='grc'>1.</span> <span class='ocrx_word' id='word_1_39' title='bbox 662 862 686 918; x_wconf 90' lang='grc'>1.</span> <span class='ocrx_word' id='word_1_40' title='bbox 773 861 801 918; x_wconf 91' lang='grc'>6.</span> <span class='ocrx_word' id='word_1_41' title='bbox 974 861 1043 918; x_wconf 85' lang='grc'><strong>708.</strong></span> <span class='ocrx_word' id='word_1_42' title='bbox 1173 862 1222 920; x_wconf 78' lang='lat'>27.</span> <span class='ocrx_word' id='word_1_43' title='bbox 1345 865 1394 924; x_wconf 77' lang='lat'>29.</span> <span class='ocrx_word' id='word_1_44' title='bbox 1467 865 1518 923; x_wconf 80' lang='grc'>37.</span> 
     </span>
     <span class='ocr_line' id='line_1_9' title="bbox 257 977 1518 1041; baseline 0.002 -2"><span class='ocrx_word' id='word_1_45' title='bbox 257 980 326 1039; x_wconf 93' lang='grc'><strong>700.</strong></span> <span class='ocrx_word' id='word_1_46' title='bbox 459 1011 489 1020; x_wconf 89' lang='grc'><strong>-</strong></span> <span class='ocrx_word' id='word_1_47' title='bbox 660 980 685 1035; x_wconf 90' lang='grc'>1.</span> <span class='ocrx_word' id='word_1_48' title='bbox 776 981 801 1036; x_wconf 92' lang='grc'>1.</span> <span class='ocrx_word' id='word_1_49' title='bbox 974 977 1044 1037; x_wconf 90' lang='grc'><strong>709.</strong></span> <span class='ocrx_word' id='word_1_50' title='bbox 1196 979 1223 1037; x_wconf 92' lang='grc'>7.</span> <span class='ocrx_word' id='word_1_51' title='bbox 1368 983 1395 1041; x_wconf 86' lang='grc'>7.</span> <span class='ocrx_word' id='word_1_52' title='bbox 1490 982 1518 1041; x_wconf 93' lang='grc'>7.</span> 
     </span>
     <span class='ocr_line' id='line_1_10' title="bbox 257 1096 1518 1158; baseline 0.001 -1"><span class='ocrx_word' id='word_1_53' title='bbox 257 1099 327 1157; x_wconf 89' lang='grc'><strong>701.</strong></span> <span class='ocrx_word' id='word_1_54' title='bbox 457 1130 496 1138; x_wconf 84' lang='lat'>-</span> <span class='ocrx_word' id='word_1_55' title='bbox 660 1096 684 1152; x_wconf 88' lang='lat' dir='ltr'>l.</span> <span class='ocrx_word' id='word_1_56' title='bbox 777 1096 801 1154; x_wconf 90' lang='lat' dir='ltr'>l.</span> <span class='ocrx_word' id='word_1_57' title='bbox 974 1097 1044 1156; x_wconf 81' lang='lat'>710.</span> <span class='ocrx_word' id='word_1_58' title='bbox 1198 1099 1223 1155; x_wconf 91' lang='grc'>1.</span> <span class='ocrx_word' id='word_1_59' title='bbox 1370 1100 1396 1157; x_wconf 92' lang='lat' dir='ltr'>l.</span> <span class='ocrx_word' id='word_1_60' title='bbox 1492 1103 1518 1158; x_wconf 92' lang='grc'>1.</span> 
     </span>
     <span class='ocr_line' id='line_1_11' title="bbox 257 1211 1520 1276; baseline 0.001 -1"><span class='ocrx_word' id='word_1_61' title='bbox 257 1216 327 1275; x_wconf 78' lang='grc'><strong>709.</strong></span> <span class='ocrx_word' id='word_1_62' title='bbox 483 1217 506 1271; x_wconf 91' lang='grc'>1.</span> <span class='ocrx_word' id='word_1_63' title='bbox 635 1245 676 1255; x_wconf 95' lang='grc'>-</span> <span class='ocrx_word' id='word_1_64' title='bbox 757 1247 781 1253; x_wconf 93' lang='grc'>--</span> <span class='ocrx_word' id='word_1_65' title='bbox 1004 1211 1019 1272; x_wconf 74' lang='lat' dir='ltr'>l</span> <span class='ocrx_word' id='word_1_66' title='bbox 1175 1215 1224 1274; x_wconf 79' lang='lat'>27.</span> <span class='ocrx_word' id='word_1_67' title='bbox 1349 1218 1396 1276; x_wconf 90' lang='grc'>19.</span> <span class='ocrx_word' id='word_1_68' title='bbox 1490 1220 1520 1276; x_wconf 93' lang='grc'>9.</span> 
     </span>
     <span class='ocr_line' id='line_1_12' title="bbox 279 1307 1519 1415; baseline 0.003 -24"><span class='ocrx_word' id='word_1_69' title='bbox 279 1328 392 1412; x_wconf 90' lang='lat' dir='ltr'>Itaque</span> <span class='ocrx_word' id='word_1_70' title='bbox 414 1327 544 1389; x_wconf 90' lang='lat' dir='ltr'>dimidio</span> <span class='ocrx_word' id='word_1_71' title='bbox 565 1324 637 1407; x_wconf 88' lang='lat' dir='ltr'>plus</span> <span class='ocrx_word' id='word_1_72' title='bbox 659 1346 768 1388; x_wconf 89' lang='lat' dir='ltr'>earum</span> <span class='ocrx_word' id='word_1_73' title='bbox 789 1326 1005 1408; x_wconf 77' lang='lat' dir='ltr'>epistularum,</span> <span class='ocrx_word' id='word_1_74' title='bbox 1035 1327 1074 1392; x_wconf 90' lang='lat' dir='ltr'>de</span> <span class='ocrx_word' id='word_1_75' title='bbox 1095 1350 1231 1413; x_wconf 88' lang='lat' dir='ltr'>quarum</span> <span class='ocrx_word' id='word_1_76' title='bbox 1251 1336 1393 1412; x_wconf 89' lang='lat' dir='ltr'>tempore</span> <span class='ocrx_word' id='word_1_77' title='bbox 1413 1307 1519 1415; x_wconf 88' lang='lat' dir='ltr'>aliquo</span> 
     </span>
    </p>
   </div>
   <div class='ocr_carea' id='block_1_4' title="bbox 171 1444 1640 1529">
    <p class='ocr_par' dir='ltr' id='par_1_6' title="bbox 171 1444 1640 1529">
     <span class='ocr_line' id='line_1_13' title="bbox 171 1444 1640 1529; baseline 0.001 -20"><span class='ocrx_word' id='word_1_78' title='bbox 171 1446 266 1509; x_wconf 92' lang='lat' dir='ltr'>modo</span> <span class='ocrx_word' id='word_1_79' title='bbox 287 1446 371 1508; x_wconf 90' lang='lat' dir='ltr'>inter</span> <span class='ocrx_word' id='word_1_80' title='bbox 392 1444 534 1507; x_wconf 89' lang='lat' dir='ltr'>homines</span> <span class='ocrx_word' id='word_1_81' title='bbox 556 1444 665 1508; x_wconf 87' lang='lat' dir='ltr'>doctos</span> <span class='ocrx_word' id='word_1_82' title='bbox 687 1451 818 1522; x_wconf 76' lang='lat' dir='ltr'>constat</span> <span class='ocrx_word' id='word_1_83' title='bbox 842 1445 936 1508; x_wconf 85' lang='lat' dir='ltr'>datae</span> <span class='ocrx_word' id='word_1_84' title='bbox 954 1453 1029 1509; x_wconf 93' lang='lat' dir='ltr'>sunt</span> <span class='ocrx_word' id='word_1_85' title='bbox 1046 1448 1138 1510; x_wconf 89' lang='lat' dir='ltr'>annis</span> <span class='ocrx_word' id='word_1_86' title='bbox 1157 1451 1344 1527; x_wconf 90' lang='grc'><strong>70801709,</strong></span> <span class='ocrx_word' id='word_1_87' title='bbox 1366 1451 1520 1513; x_wconf 83' lang='lat' dir='ltr'>minorem</span> <span class='ocrx_word' id='word_1_88' title='bbox 1638 1525 1640 1529; x_wconf 19' lang='grc' dir='ltr'>ι</span> 
     </span>
    </p>
   </div>
   <div class='ocr_carea' id='block_1_5' title="bbox 133 1559 1520 2468">
    <p class='ocr_par' dir='ltr' id='par_1_7' title="bbox 133 1559 1520 2468">
     <span class='ocr_line' id='line_1_14' title="bbox 170 1559 1520 1652; baseline 0.002 -26"><span class='ocrx_word' id='word_1_89' title='bbox 170 1569 294 1645; x_wconf 88' lang='lat' dir='ltr'>partem</span> <span class='ocrx_word' id='word_1_90' title='bbox 315 1582 370 1626; x_wconf 89' lang='grc'>000</span> <span class='ocrx_word' id='word_1_91' title='bbox 392 1559 539 1637; x_wconf 83' lang='lat' dir='ltr'>efficiunt,</span> <span class='ocrx_word' id='word_1_92' title='bbox 558 1581 639 1645; x_wconf 89' lang='lat' dir='ltr'>quae</span> <span class='ocrx_word' id='word_1_93' title='bbox 662 1582 678 1624; x_wconf 95' lang='lat' dir='ltr'>e</span> <span class='ocrx_word' id='word_1_94' title='bbox 699 1561 851 1624; x_wconf 82' lang='lat' dir='ltr'>tredecim</span> <span class='ocrx_word' id='word_1_95' title='bbox 873 1563 963 1625; x_wconf 88' lang='lat' dir='ltr'>annis</span> <span class='ocrx_word' id='word_1_96' title='bbox 986 1571 1151 1644; x_wconf 83' lang='lat' dir='ltr'>congestae</span> <span class='ocrx_word' id='word_1_97' title='bbox 1172 1571 1256 1629; x_wconf 90' lang='lat' dir='ltr'>sunt.</span> <span class='ocrx_word' id='word_1_98' title='bbox 1293 1566 1399 1651; x_wconf 84' lang='lat' dir='ltr'>Atque</span> <span class='ocrx_word' id='word_1_99' title='bbox 1422 1588 1520 1652; x_wconf 90' lang='lat' dir='ltr'>quum</span> 
     </span>
     <span class='ocr_line' id='line_1_15' title="bbox 133 1676 1520 1766; baseline 0.003 -23"><span class='ocrx_word' id='word_1_100' title='bbox 133 1747 135 1752; x_wconf 90' lang='lat'><em>.</em></span> <span class='ocrx_word' id='word_1_101' title='bbox 171 1679 282 1744; x_wconf 89' lang='lat' dir='ltr'>eadem</span> <span class='ocrx_word' id='word_1_102' title='bbox 309 1677 374 1742; x_wconf 90' lang='lat' dir='ltr'>fere</span> <span class='ocrx_word' id='word_1_103' title='bbox 395 1677 590 1762; x_wconf 87' lang='lat' dir='ltr'>reliquarum</span> <span class='ocrx_word' id='word_1_104' title='bbox 611 1676 818 1759; x_wconf 80' lang='lat' dir='ltr'>epistularum</span> <span class='ocrx_word' id='word_1_105' title='bbox 839 1678 880 1740; x_wconf 88' lang='lat' dir='ltr'>ad</span> <span class='ocrx_word' id='word_1_106' title='bbox 907 1677 979 1741; x_wconf 86' lang='lat' dir='ltr'>fam.</span> <span class='ocrx_word' id='word_1_107' title='bbox 1003 1681 1140 1745; x_wconf 89' lang='lat' dir='ltr'>conditio</span> <span class='ocrx_word' id='word_1_108' title='bbox 1162 1683 1212 1758; x_wconf 89' lang='lat' dir='ltr'>sit,</span> <span class='ocrx_word' id='word_1_109' title='bbox 1242 1703 1378 1766; x_wconf 90' lang='lat' dir='ltr'>quarum</span> <span class='ocrx_word' id='word_1_110' title='bbox 1399 1683 1520 1748; x_wconf 91' lang='lat' dir='ltr'>nnllam</span> 
     </span>
     <span class='ocr_line' id='line_1_16' title="bbox 170 1794 1520 1881; baseline 0.004 -21"><span class='ocrx_word' id='word_1_111' title='bbox 170 1796 256 1860; x_wconf 89' lang='lat' dir='ltr'>ultra</span> <span class='ocrx_word' id='word_1_112' title='bbox 278 1795 407 1860; x_wconf 88' lang='lat' dir='ltr'>annum</span> <span class='ocrx_word' id='word_1_113' title='bbox 421 1800 480 1858; x_wconf 79' lang='lat'>692</span> <span class='ocrx_word' id='word_1_114' title='bbox 503 1795 662 1870; x_wconf 74' lang='lat' dir='ltr'>resedere,</span> <span class='ocrx_word' id='word_1_115' title='bbox 691 1815 859 1871; x_wconf 89' lang='lat' dir='ltr'>annorum,</span> <span class='ocrx_word' id='word_1_116' title='bbox 887 1796 941 1879; x_wconf 89' lang='lat' dir='ltr'>qui</span> <span class='ocrx_word' id='word_1_117' title='bbox 969 1794 1043 1859; x_wconf 90' lang='lat' dir='ltr'>huic</span> <span class='ocrx_word' id='word_1_118' title='bbox 1065 1799 1199 1877; x_wconf 86' lang='lat' dir='ltr'>proximi</span> <span class='ocrx_word' id='word_1_119' title='bbox 1225 1805 1312 1875; x_wconf 91' lang='lat' dir='ltr'>sunt,</span> <span class='ocrx_word' id='word_1_120' title='bbox 1344 1823 1520 1881; x_wconf 86' lang='lat' dir='ltr'>perpaucas</span> 
     </span>
     <span class='ocr_line' id='line_1_17' title="bbox 171 1911 1518 1996; baseline 0 -18"><span class='ocrx_word' id='word_1_121' title='bbox 171 1935 238 1978; x_wconf 90' lang='lat' dir='ltr'>esse</span> <span class='ocrx_word' id='word_1_122' title='bbox 263 1914 412 1989; x_wconf 85' lang='lat' dir='ltr'>vidimus,</span> <span class='ocrx_word' id='word_1_123' title='bbox 448 1911 504 1976; x_wconf 90' lang='lat' dir='ltr'>sed</span> <span class='ocrx_word' id='word_1_124' title='bbox 533 1932 569 1975; x_wconf 91' lang='grc'>00</span> <span class='ocrx_word' id='word_1_125' title='bbox 599 1911 705 1993; x_wconf 90' lang='lat' dir='ltr'>plures</span> <span class='ocrx_word' id='word_1_126' title='bbox 732 1933 795 1996; x_wconf 93' lang='lat' dir='ltr'>quo</span> <span class='ocrx_word' id='word_1_127' title='bbox 823 1913 923 1992; x_wconf 91' lang='lat' dir='ltr'>magis</span> <span class='ocrx_word' id='word_1_128' title='bbox 959 1919 1100 1994; x_wconf 90' lang='lat' dir='ltr'>tempore</span> <span class='ocrx_word' id='word_1_129' title='bbox 1130 1915 1377 1995; x_wconf 90' lang='lat' dir='ltr'>progrediamur,</span> <span class='ocrx_word' id='word_1_130' title='bbox 1412 1923 1518 1980; x_wconf 89' lang='lat' dir='ltr'>tamen</span> 
     </span>
     <span class='ocr_line' id='line_1_18' title="bbox 171 2028 1518 2115; baseline 0.001 -21"><span class='ocrx_word' id='word_1_131' title='bbox 171 2031 231 2095; x_wconf 91' lang='grc'><strong>1100</strong></span> <span class='ocrx_word' id='word_1_132' title='bbox 268 2031 382 2094; x_wconf 88' lang='lat' dir='ltr'>idcirco</span> <span class='ocrx_word' id='word_1_133' title='bbox 415 2050 557 2111; x_wconf 87' lang='lat' dir='ltr'>premere</span> <span class='ocrx_word' id='word_1_134' title='bbox 591 2028 752 2107; x_wconf 92' lang='lat' dir='ltr'>nolumus,</span> <span class='ocrx_word' id='word_1_135' title='bbox 789 2031 864 2114; x_wconf 88' lang='lat' dir='ltr'>quia</span> <span class='ocrx_word' id='word_1_136' title='bbox 899 2030 1032 2094; x_wconf 86' lang='lat' dir='ltr'>fortasse</span> <span class='ocrx_word' id='word_1_137' title='bbox 1067 2032 1225 2115; x_wconf 83' lang='lat' dir='ltr'>quispiam</span> <span class='ocrx_word' id='word_1_138' title='bbox 1256 2038 1435 2114; x_wconf 89' lang='lat' dir='ltr'>temporum</span> <span class='ocrx_word' id='word_1_139' title='bbox 1470 2034 1518 2096; x_wconf 89' lang='lat' dir='ltr'>in-</span> 
     </span>
     <span class='ocr_line' id='line_1_19' title="bbox 171 2147 1519 2236; baseline 0.003 -24"><span class='ocrx_word' id='word_1_140' title='bbox 171 2150 291 2231; x_wconf 89' lang='lat' dir='ltr'>gratiae</span> <span class='ocrx_word' id='word_1_141' title='bbox 329 2148 469 2212; x_wconf 89' lang='lat' dir='ltr'>tribuere</span> <span class='ocrx_word' id='word_1_142' title='bbox 505 2148 618 2228; x_wconf 90' lang='lat' dir='ltr'>possit,</span> <span class='ocrx_word' id='word_1_143' title='bbox 654 2148 739 2232; x_wconf 90' lang='lat' dir='ltr'>quod</span> <span class='ocrx_word' id='word_1_144' title='bbox 777 2147 930 2229; x_wconf 88' lang='lat' dir='ltr'>epistulae</span> <span class='ocrx_word' id='word_1_145' title='bbox 966 2149 1108 2230; x_wconf 88' lang='lat' dir='ltr'>priorum</span> <span class='ocrx_word' id='word_1_146' title='bbox 1136 2169 1290 2212; x_wconf 89' lang='lat' dir='ltr'>annorum</span> <span class='ocrx_word' id='word_1_147' title='bbox 1326 2172 1519 2236; x_wconf 90' lang='lat' dir='ltr'>quamquam</span> 
     </span>
     <span class='ocr_line' id='line_1_20' title="bbox 172 2264 1519 2354; baseline 0 -22"><span class='ocrx_word' id='word_1_148' title='bbox 172 2266 344 2351; x_wconf 81' lang='lat' dir='ltr'>aliquando</span> <span class='ocrx_word' id='word_1_149' title='bbox 366 2287 429 2330; x_wconf 91' lang='lat' dir='ltr'>non</span> <span class='ocrx_word' id='word_1_150' title='bbox 450 2267 554 2329; x_wconf 89' lang='lat' dir='ltr'>minus</span> <span class='ocrx_word' id='word_1_151' title='bbox 575 2264 755 2350; x_wconf 84' lang='lat' dir='ltr'>frequentes</span> <span class='ocrx_word' id='word_1_152' title='bbox 776 2265 901 2342; x_wconf 82' lang='grc'><strong>10011111,</strong></span> <span class='ocrx_word' id='word_1_153' title='bbox 923 2286 1007 2330; x_wconf 89' lang='grc'><strong>00110</strong></span> <span class='ocrx_word' id='word_1_154' title='bbox 1029 2265 1256 2331; x_wconf 88' lang='lat' dir='ltr'>desiderentur.</span> <span class='ocrx_word' id='word_1_155' title='bbox 1293 2269 1399 2354; x_wconf 86' lang='lat' dir='ltr'>Atque</span> <span class='ocrx_word' id='word_1_156' title='bbox 1414 2268 1519 2333; x_wconf 89' lang='lat' dir='ltr'>hercle</span> 
     </span>
     <span class='ocr_line' id='line_1_21' title="bbox 171 2373 1520 2468; baseline 0 -20"><span class='ocrx_word' id='word_1_157' title='bbox 171 2385 232 2448; x_wconf 95' lang='lat' dir='ltr'>hoc</span> <span class='ocrx_word' id='word_1_158' title='bbox 259 2373 411 2448; x_wconf 84' lang='lat' dir='ltr'>auxilium</span> <span class='ocrx_word' id='word_1_159' title='bbox 438 2404 473 2447; x_wconf 94' lang='lat' dir='ltr'>eo</span> <span class='ocrx_word' id='word_1_160' title='bbox 500 2383 650 2446; x_wconf 88' lang='lat' dir='ltr'>libentius</span> <span class='ocrx_word' id='word_1_161' title='bbox 678 2383 883 2460; x_wconf 76' lang='lat' dir='ltr'>dimittimus,</span> <span class='ocrx_word' id='word_1_162' title='bbox 912 2405 975 2468; x_wconf 90' lang='lat' dir='ltr'>quo</span> <span class='ocrx_word' id='word_1_163' title='bbox 1004 2385 1155 2448; x_wconf 91' lang='lat' dir='ltr'>maiorem</span> <span class='ocrx_word' id='word_1_164' title='bbox 1183 2387 1246 2448; x_wconf 89' lang='lat' dir='ltr'>vim</span> <span class='ocrx_word' id='word_1_165' title='bbox 1274 2385 1316 2449; x_wconf 82' lang='lat' dir='ltr'>ad</span> <span class='ocrx_word' id='word_1_166' title='bbox 1343 2387 1426 2450; x_wconf 89' lang='grc'><strong>11000</strong></span> <span class='ocrx_word' id='word_1_167' title='bbox 1453 2407 1520 2450; x_wconf 93' lang='lat' dir='ltr'>rem</span> 
     </span>
    </p>
   </div>
   <div class='ocr_carea' id='block_1_6' title="bbox 172 2499 1642 2824">
    <p class='ocr_par' dir='ltr' id='par_1_8' title="bbox 172 2499 1642 2824">
     <span class='ocr_line' id='line_1_22' title="bbox 172 2499 1519 2596; baseline 0.002 -31"><span class='ocrx_word' id='word_1_168' title='bbox 172 2502 393 2567; x_wconf 85' lang='lat' dir='ltr'>illustrandam</span> <span class='ocrx_word' id='word_1_169' title='bbox 414 2502 594 2565; x_wconf 90' lang='lat' dir='ltr'>testimonio</span> <span class='ocrx_word' id='word_1_170' title='bbox 616 2502 715 2582; x_wconf 91' lang='lat' dir='ltr'>ipsius</span> <span class='ocrx_word' id='word_1_171' title='bbox 733 2499 817 2563; x_wconf 87' lang='lat' dir='ltr'>Tulli</span> <span class='ocrx_word' id='word_1_172' title='bbox 840 2501 1018 2578; x_wconf 91' lang='lat' dir='ltr'>tribuimus,</span> <span class='ocrx_word' id='word_1_173' title='bbox 1042 2502 1127 2587; x_wconf 91' lang='lat' dir='ltr'>quod</span> <span class='ocrx_word' id='word_1_174' title='bbox 1148 2511 1234 2567; x_wconf 89' lang='lat' dir='ltr'>recte</span> <span class='ocrx_word' id='word_1_175' title='bbox 1251 2525 1302 2568; x_wconf 90' lang='lat' dir='ltr'>me</span> <span class='ocrx_word' id='word_1_176' title='bbox 1323 2504 1386 2569; x_wconf 91' lang='lat' dir='ltr'>huc</span> <span class='ocrx_word' id='word_1_177' title='bbox 1403 2504 1519 2596; x_wconf 85' lang='lat' dir='ltr'>referre</span> 
     </span>
     <span class='ocr_line' id='line_1_23' title="bbox 173 2618 1518 2706; baseline 0.001 -23"><span class='ocrx_word' id='word_1_178' title='bbox 173 2641 269 2706; x_wconf 90' lang='lat' dir='ltr'>quam</span> <span class='ocrx_word' id='word_1_179' title='bbox 294 2622 430 2684; x_wconf 86' lang='lat' dir='ltr'>maxime</span> <span class='ocrx_word' id='word_1_180' title='bbox 457 2619 538 2685; x_wconf 83' lang='lat' dir='ltr'>volo.</span> <span class='ocrx_word' id='word_1_181' title='bbox 580 2618 707 2682; x_wconf 88' lang='lat' dir='ltr'>Etenim</span> <span class='ocrx_word' id='word_1_182' title='bbox 736 2640 835 2703; x_wconf 91' lang='lat' dir='ltr'>quum</span> <span class='ocrx_word' id='word_1_183' title='bbox 864 2619 999 2701; x_wconf 90' lang='lat' dir='ltr'>epistula</span> <span class='ocrx_word' id='word_1_184' title='bbox 1029 2620 1163 2701; x_wconf 89' lang='lat' dir='ltr'>septima</span> <span class='ocrx_word' id='word_1_185' title='bbox 1191 2620 1312 2684; x_wconf 90' lang='lat' dir='ltr'>decima</span> <span class='ocrx_word' id='word_1_186' title='bbox 1339 2622 1413 2685; x_wconf 92' lang='lat' dir='ltr'>libri</span> <span class='ocrx_word' id='word_1_187' title='bbox 1435 2620 1518 2686; x_wconf 87' lang='lat' dir='ltr'>XVI.</span> 
     </span>
     <span class='ocr_line' id='line_1_24' title="bbox 172 2733 1642 2824; baseline 0.001 -22"><span class='ocrx_word' id='word_1_188' title='bbox 172 2739 214 2802; x_wconf 89' lang='lat' dir='ltr'>ad</span> <span class='ocrx_word' id='word_1_189' title='bbox 234 2737 381 2802; x_wconf 88' lang='lat' dir='ltr'>Tironem</span> <span class='ocrx_word' id='word_1_190' title='bbox 400 2737 476 2802; x_wconf 88' lang='lat' dir='ltr'>data</span> <span class='ocrx_word' id='word_1_191' title='bbox 498 2737 624 2821; x_wconf 89' lang='lat' dir='ltr'>initium</span> <span class='ocrx_word' id='word_1_192' title='bbox 645 2737 750 2818; x_wconf 89' lang='lat' dir='ltr'>capiat</span> <span class='ocrx_word' id='word_1_193' title='bbox 771 2757 791 2800; x_wconf 91' lang='lat' dir='ltr'>a</span> <span class='ocrx_word' id='word_1_194' title='bbox 812 2736 931 2801; x_wconf 85' lang='lat' dir='ltr'>verbis:</span> <span class='ocrx_word' id='word_1_195' title='bbox 962 2741 1060 2810; x_wconf 81' lang='lat' dir='ltr'>video,</span> <span class='ocrx_word' id='word_1_196' title='bbox 1086 2740 1161 2820; x_wconf 83' lang='lat' dir='ltr'>qaid</span> <span class='ocrx_word' id='word_1_197' title='bbox 1182 2758 1275 2820; x_wconf 80' lang='lat' dir='ltr'>opos:</span> <span class='ocrx_word' id='word_1_198' title='bbox 1300 2751 1370 2804; x_wconf 82' lang='lat' dir='ltr'>tuos</span> <span class='ocrx_word' id='word_1_199' title='bbox 1393 2748 1518 2824; x_wconf 77' lang='grc'><strong>000000</strong></span> <span class='ocrx_word' id='word_1_200' title='bbox 1639 2733 1642 2738; x_wconf 71' lang='grc'><strong>’</strong></span> 
     </span>
    </p>
   </div>
   <div class='ocr_carea' id='block_1_7' title="bbox 172 2854 1520 4352">
    <p class='ocr_par' dir='ltr' id='par_1_9' title="bbox 172 2854 1520 4352">
     <span class='ocr_line' id='line_1_25' title="bbox 172 2854 1518 2938; baseline 0.001 -18"><span class='ocrx_word' id='word_1_201' title='bbox 172 2859 318 2938; x_wconf 80' lang='lat' dir='ltr'>epistolas</span> <span class='ocrx_word' id='word_1_202' title='bbox 346 2859 392 2920; x_wconf 80' lang='lat' dir='ltr'>oie</span> <span class='ocrx_word' id='word_1_203' title='bbox 422 2858 537 2938; x_wconf 68' lang='lat' dir='ltr'>referri</span> <span class='ocrx_word' id='word_1_204' title='bbox 559 2858 784 2919; x_wconf 80' lang='grc'><strong>1000100010.</strong></span> <span class='ocrx_word' id='word_1_205' title='bbox 829 2854 888 2920; x_wconf 87' lang='lat' dir='ltr'>Sed</span> <span class='ocrx_word' id='word_1_206' title='bbox 908 2859 983 2920; x_wconf 82' lang='lat' dir='ltr'>deos</span> <span class='ocrx_word' id='word_1_207' title='bbox 1007 2869 1050 2928; x_wconf 84' lang='grc'>10,</span> <span class='ocrx_word' id='word_1_208' title='bbox 1085 2855 1269 2938; x_wconf 68' lang='lat' dir='ltr'>quinariis</span> <span class='ocrx_word' id='word_1_209' title='bbox 1291 2877 1354 2922; x_wconf 81' lang='lat' dir='ltr'>esse</span> <span class='ocrx_word' id='word_1_210' title='bbox 1377 2877 1518 2931; x_wconf 82' lang='grc'><strong>01001001</strong></span> 
     </span>
     <span class='ocr_line' id='line_1_26' title="bbox 172 2964 1519 3058; baseline 0 -20"><span class='ocrx_word' id='word_1_211' title='bbox 172 2977 363 3056; x_wconf 79' lang='lat' dir='ltr'>scriptoram</span> <span class='ocrx_word' id='word_1_212' title='bbox 384 2977 473 3047; x_wconf 82' lang='lat' dir='ltr'>soles,</span> <span class='ocrx_word' id='word_1_213' title='bbox 495 2974 577 3036; x_wconf 83' lang='lat' dir='ltr'>ande</span> <span class='ocrx_word' id='word_1_214' title='bbox 600 2975 675 3037; x_wconf 85' lang='lat' dir='ltr'>illud</span> <span class='ocrx_word' id='word_1_215' title='bbox 697 2984 761 3037; x_wconf 83' lang='grc'><strong>1001</strong></span> <span class='ocrx_word' id='word_1_216' title='bbox 777 2964 908 3058; x_wconf 69' lang='grc' dir='ltr'>ἄκυρον,</span> <span class='ocrx_word' id='word_1_217' title='bbox 932 2975 1122 3046; x_wconf 73' lang='lat' dir='ltr'>„valetudini</span> <span class='ocrx_word' id='word_1_218' title='bbox 1139 2977 1266 3058; x_wconf 78' lang='lat' dir='ltr'>fideliler</span> <span class='ocrx_word' id='word_1_219' title='bbox 1282 2977 1519 3040; x_wconf 63' lang='lat' dir='ltr'>insumendus</span> 
     </span>
     <span class='ocr_line' id='line_1_27' title="bbox 236 3089 1519 3185; baseline 0.001 -30.955"><span class='ocrx_word' id='word_1_220' title='bbox 236 3090 355 3185; x_wconf 83' lang='lat' dir='ltr'>Paulus</span> <span class='ocrx_word' id='word_1_221' title='bbox 377 3090 539 3155; x_wconf 88' lang='lat' dir='ltr'>Manutius</span> <span class='ocrx_word' id='word_1_222' title='bbox 560 3089 621 3154; x_wconf 94' lang='lat' dir='ltr'>hoc</span> <span class='ocrx_word' id='word_1_223' title='bbox 642 3089 818 3172; x_wconf 86' lang='lat' dir='ltr'>significare</span> <span class='ocrx_word' id='word_1_224' title='bbox 838 3090 921 3154; x_wconf 82' lang='lat' dir='ltr'>vult:</span> <span class='ocrx_word' id='word_1_225' title='bbox 944 3090 1067 3155; x_wconf 86' lang='lat' dir='ltr'>Tironis</span> <span class='ocrx_word' id='word_1_226' title='bbox 1089 3091 1241 3172; x_wconf 85' lang='lat' dir='ltr'>epistulas</span> <span class='ocrx_word' id='word_1_227' title='bbox 1263 3100 1330 3156; x_wconf 87' lang='lat' dir='ltr'>tam</span> <span class='ocrx_word' id='word_1_228' title='bbox 1352 3092 1519 3174; x_wconf 87' lang='lat' dir='ltr'>diligenter</span> 
     </span>
     <span class='ocr_line' id='line_1_28' title="bbox 174 3209 1519 3293; baseline 0 -19"><span class='ocrx_word' id='word_1_229' title='bbox 174 3212 308 3292; x_wconf 85' lang='lat' dir='ltr'>scriptas</span> <span class='ocrx_word' id='word_1_230' title='bbox 335 3230 411 3287; x_wconf 89' lang='grc'><strong>0000,</strong></span> <span class='ocrx_word' id='word_1_231' title='bbox 442 3216 480 3272; x_wconf 88' lang='grc'>01</span> <span class='ocrx_word' id='word_1_232' title='bbox 507 3230 622 3290; x_wconf 86' lang='lat' dir='ltr'>cupere</span> <span class='ocrx_word' id='word_1_233' title='bbox 643 3209 788 3272; x_wconf 85' lang='lat' dir='ltr'>videatur</span> <span class='ocrx_word' id='word_1_234' title='bbox 810 3229 862 3272; x_wconf 90' lang='grc'>000</span> <span class='ocrx_word' id='word_1_235' title='bbox 890 3230 1016 3293; x_wconf 90' lang='lat' dir='ltr'>quoque</span> <span class='ocrx_word' id='word_1_236' title='bbox 1037 3209 1070 3271; x_wconf 94' lang='lat' dir='ltr'>in</span> <span class='ocrx_word' id='word_1_237' title='bbox 1092 3210 1251 3273; x_wconf 85' lang='lat' dir='ltr'>volumina</span> <span class='ocrx_word' id='word_1_238' title='bbox 1272 3210 1389 3288; x_wconf 82' lang='lat' dir='ltr'>referri,</span> <span class='ocrx_word' id='word_1_239' title='bbox 1411 3211 1519 3275; x_wconf 91' lang='lat' dir='ltr'>Bruno</span> 
     </span>
     <span class='ocr_line' id='line_1_29' title="bbox 174 3324 1519 3413; baseline 0.001 -23"><span class='ocrx_word' id='word_1_240' title='bbox 174 3327 264 3392; x_wconf 88' lang='lat' dir='ltr'>Nake</span> <span class='ocrx_word' id='word_1_241' title='bbox 288 3328 374 3406; x_wconf 82' lang='lat' dir='ltr'>(hist.</span> <span class='ocrx_word' id='word_1_242' title='bbox 398 3328 467 3392; x_wconf 91' lang='grc'><strong>0111.</strong></span> <span class='ocrx_word' id='word_1_243' title='bbox 490 3347 561 3409; x_wconf 88' lang='lat' dir='ltr'>pag.</span> <span class='ocrx_word' id='word_1_244' title='bbox 588 3324 641 3413; x_wconf 76' lang='grc'>’29)</span> <span class='ocrx_word' id='word_1_245' title='bbox 668 3326 880 3408; x_wconf 87' lang='lat' dir='ltr'>supplendum</span> <span class='ocrx_word' id='word_1_246' title='bbox 907 3333 1030 3391; x_wconf 86' lang='lat' dir='ltr'>censet:</span> <span class='ocrx_word' id='word_1_247' title='bbox 1064 3333 1101 3389; x_wconf 89' lang='lat' dir='ltr'>ut</span> <span class='ocrx_word' id='word_1_248' title='bbox 1122 3348 1208 3391; x_wconf 86' lang='lat' dir='ltr'>meas</span> <span class='ocrx_word' id='word_1_249' title='bbox 1229 3327 1381 3409; x_wconf 86' lang='lat' dir='ltr'>epistulas</span> <span class='ocrx_word' id='word_1_250' title='bbox 1411 3330 1442 3391; x_wconf 92' lang='lat' dir='ltr'>in</span> <span class='ocrx_word' id='word_1_251' title='bbox 1466 3350 1519 3392; x_wconf 91' lang='lat' dir='ltr'>vo-</span> 
     </span>
     <span class='ocr_line' id='line_1_30' title="bbox 173 3444 1519 3530; baseline 0 -19"><span class='ocrx_word' id='word_1_252' title='bbox 173 3446 294 3511; x_wconf 86' lang='lat' dir='ltr'>lumina</span> <span class='ocrx_word' id='word_1_253' title='bbox 314 3445 425 3510; x_wconf 85' lang='lat' dir='ltr'>referri</span> <span class='ocrx_word' id='word_1_254' title='bbox 444 3467 495 3509; x_wconf 90' lang='lat' dir='ltr'>me</span> <span class='ocrx_word' id='word_1_255' title='bbox 517 3445 703 3522; x_wconf 75' lang='grc'>001010110,1</span> <span class='ocrx_word' id='word_1_256' title='bbox 729 3466 832 3530; x_wconf 89' lang='lat' dir='ltr'>neque</span> <span class='ocrx_word' id='word_1_257' title='bbox 847 3466 921 3508; x_wconf 87' lang='lat' dir='ltr'>vero</span> <span class='ocrx_word' id='word_1_258' title='bbox 937 3444 1042 3521; x_wconf 83' lang='lat' dir='ltr'>addit,</span> <span class='ocrx_word' id='word_1_259' title='bbox 1064 3465 1235 3528; x_wconf 87' lang='lat' dir='ltr'>quamnam</span> <span class='ocrx_word' id='word_1_260' title='bbox 1255 3466 1383 3509; x_wconf 89' lang='lat' dir='ltr'>causam</span> <span class='ocrx_word' id='word_1_261' title='bbox 1405 3446 1519 3511; x_wconf 90' lang='lat' dir='ltr'>horum</span> 
     </span>
     <span class='ocr_line' id='line_1_31' title="bbox 174 3562 1520 3647; baseline 0 -21"><span class='ocrx_word' id='word_1_262' title='bbox 174 3564 341 3628; x_wconf 89' lang='lat' dir='ltr'>verborum</span> <span class='ocrx_word' id='word_1_263' title='bbox 367 3563 462 3628; x_wconf 81' lang='grc'><strong>101000</strong></span> <span class='ocrx_word' id='word_1_264' title='bbox 492 3564 609 3628; x_wconf 87' lang='lat' dir='ltr'>credat.</span> <span class='ocrx_word' id='word_1_265' title='bbox 651 3562 713 3627; x_wconf 86' lang='lat' dir='ltr'>Sed</span> <span class='ocrx_word' id='word_1_266' title='bbox 740 3584 856 3639; x_wconf 83' lang='lat' dir='ltr'>vereor,</span> <span class='ocrx_word' id='word_1_267' title='bbox 885 3584 924 3626; x_wconf 92' lang='lat' dir='ltr'>ne</span> <span class='ocrx_word' id='word_1_268' title='bbox 952 3583 1003 3639; x_wconf 89' lang='grc'>00,</span> <span class='ocrx_word' id='word_1_269' title='bbox 1034 3583 1130 3646; x_wconf 89' lang='lat' dir='ltr'>quam</span> <span class='ocrx_word' id='word_1_270' title='bbox 1152 3562 1313 3627; x_wconf 84' lang='lat' dir='ltr'>Manutius</span> <span class='ocrx_word' id='word_1_271' title='bbox 1341 3566 1520 3647; x_wconf 85' lang='lat' dir='ltr'>suspicatur</span> 
     </span>
     <span class='ocr_line' id='line_1_32' title="bbox 173 3680 1519 3763; baseline 0 -17"><span class='ocrx_word' id='word_1_272' title='bbox 173 3683 276 3759; x_wconf 84' lang='lat' dir='ltr'>fuisse,</span> <span class='ocrx_word' id='word_1_273' title='bbox 297 3683 515 3747; x_wconf 88' lang='grc'><strong>1010000011.</strong></span> <span class='ocrx_word' id='word_1_274' title='bbox 555 3680 725 3745; x_wconf 89' lang='lat' dir='ltr'>Obscurior</span> <span class='ocrx_word' id='word_1_275' title='bbox 746 3682 837 3759; x_wconf 86' lang='grc'><strong>00101,</strong></span> <span class='ocrx_word' id='word_1_276' title='bbox 859 3680 1033 3763; x_wconf 85' lang='lat' dir='ltr'>languidor,</span> <span class='ocrx_word' id='word_1_277' title='bbox 1055 3702 1095 3744; x_wconf 89' lang='lat' dir='ltr'>ne</span> <span class='ocrx_word' id='word_1_278' title='bbox 1120 3680 1224 3745; x_wconf 91' lang='lat' dir='ltr'>dicam</span> <span class='ocrx_word' id='word_1_279' title='bbox 1246 3682 1444 3762; x_wconf 82' lang='lat' dir='ltr'>arrogantior</span> <span class='ocrx_word' id='word_1_280' title='bbox 1460 3684 1519 3746; x_wconf 89' lang='lat' dir='ltr'>isto</span> 
     </span>
     <span class='ocr_line' id='line_1_33' title="bbox 173 3797 1519 3885; baseline 0.001 -21"><span class='ocrx_word' id='word_1_281' title='bbox 173 3807 260 3874; x_wconf 86' lang='lat' dir='ltr'>iocus</span> <span class='ocrx_word' id='word_1_282' title='bbox 282 3806 371 3877; x_wconf 88' lang='lat' dir='ltr'>esset,</span> <span class='ocrx_word' id='word_1_283' title='bbox 391 3820 488 3883; x_wconf 88' lang='lat' dir='ltr'>quam</span> <span class='ocrx_word' id='word_1_284' title='bbox 508 3806 546 3862; x_wconf 89' lang='grc'>01</span> <span class='ocrx_word' id='word_1_285' title='bbox 567 3797 709 3863; x_wconf 82' lang='lat' dir='ltr'>Ciceroni</span> <span class='ocrx_word' id='word_1_286' title='bbox 730 3799 829 3862; x_wconf 88' lang='lat' dir='ltr'>tribui</span> <span class='ocrx_word' id='word_1_287' title='bbox 852 3807 967 3882; x_wconf 88' lang='lat' dir='ltr'>posset.</span> <span class='ocrx_word' id='word_1_288' title='bbox 1005 3797 1115 3882; x_wconf 89' lang='lat' dir='ltr'>Neque</span> <span class='ocrx_word' id='word_1_289' title='bbox 1137 3799 1229 3875; x_wconf 88' lang='lat' dir='ltr'>enirn,</span> <span class='ocrx_word' id='word_1_290' title='bbox 1252 3806 1289 3862; x_wconf 92' lang='grc'>01</span> <span class='ocrx_word' id='word_1_291' title='bbox 1310 3800 1413 3865; x_wconf 90' lang='lat' dir='ltr'>dicam</span> <span class='ocrx_word' id='word_1_292' title='bbox 1433 3802 1519 3885; x_wconf 93' lang='lat' dir='ltr'>quod</span> 
     </span>
     <span class='ocr_line' id='line_1_34' title="bbox 174 3916 1518 4003; baseline 0 -21"><span class='ocrx_word' id='word_1_293' title='bbox 174 3920 283 3995; x_wconf 90' lang='lat' dir='ltr'>sentio,</span> <span class='ocrx_word' id='word_1_294' title='bbox 313 3917 392 3982; x_wconf 90' lang='grc'><strong>11000</strong></span> <span class='ocrx_word' id='word_1_295' title='bbox 411 3917 508 3981; x_wconf 88' lang='grc'><strong>101110</strong></span> <span class='ocrx_word' id='word_1_296' title='bbox 528 3916 668 3998; x_wconf 84' lang='lat' dir='ltr'>intellegi</span> <span class='ocrx_word' id='word_1_297' title='bbox 690 3925 869 3998; x_wconf 88' lang='lat' dir='ltr'>potuerunt,</span> <span class='ocrx_word' id='word_1_298' title='bbox 898 3918 958 3981; x_wconf 90' lang='lat' dir='ltr'>nisi</span> <span class='ocrx_word' id='word_1_299' title='bbox 979 3917 1171 3999; x_wconf 83' lang='lat' dir='ltr'>respicerent</span> <span class='ocrx_word' id='word_1_300' title='bbox 1199 3917 1242 3980; x_wconf 89' lang='lat' dir='ltr'>ad</span> <span class='ocrx_word' id='word_1_301' title='bbox 1264 3916 1387 3982; x_wconf 89' lang='lat' dir='ltr'>Tironis</span> <span class='ocrx_word' id='word_1_302' title='bbox 1417 3939 1518 4003; x_wconf 88' lang='lat' dir='ltr'>quan·</span> 
     </span>
     <span class='ocr_line' id='line_1_35' title="bbox 175 4034 1518 4120; baseline -0.001 -20"><span class='ocrx_word' id='word_1_303' title='bbox 175 4037 249 4100; x_wconf 87' lang='lat' dir='ltr'>dam</span> <span class='ocrx_word' id='word_1_304' title='bbox 276 4035 452 4117; x_wconf 83' lang='lat' dir='ltr'>epistulam,</span> <span class='ocrx_word' id='word_1_305' title='bbox 480 4037 598 4120; x_wconf 88' lang='lat' dir='ltr'>inqua</span> <span class='ocrx_word' id='word_1_306' title='bbox 632 4036 696 4098; x_wconf 93' lang='lat' dir='ltr'>iam</span> <span class='ocrx_word' id='word_1_307' title='bbox 725 4035 765 4100; x_wconf 89' lang='lat' dir='ltr'>dc</span> <span class='ocrx_word' id='word_1_308' title='bbox 796 4034 939 4118; x_wconf 88' lang='lat' dir='ltr'>epistulis</span> <span class='ocrx_word' id='word_1_309' title='bbox 967 4035 1000 4097; x_wconf 92' lang='lat' dir='ltr'>in</span> <span class='ocrx_word' id='word_1_310' title='bbox 1030 4034 1189 4098; x_wconf 85' lang='lat' dir='ltr'>volumina</span> <span class='ocrx_word' id='word_1_311' title='bbox 1217 4034 1388 4099; x_wconf 87' lang='lat' dir='ltr'>referendis</span> <span class='ocrx_word' id='word_1_312' title='bbox 1417 4057 1518 4100; x_wconf 91' lang='lat' dir='ltr'>sermo</span> 
     </span>
     <span class='ocr_line' id='line_1_36' title="bbox 175 4151 1519 4238; baseline 0 -20"><span class='ocrx_word' id='word_1_313' title='bbox 175 4154 278 4218; x_wconf 89' lang='lat' dir='ltr'>fuerit.</span> <span class='ocrx_word' id='word_1_314' title='bbox 323 4153 495 4236; x_wconf 87' lang='lat' dir='ltr'>Fingamus</span> <span class='ocrx_word' id='word_1_315' title='bbox 522 4160 642 4230; x_wconf 89' lang='lat' dir='ltr'>autem,</span> <span class='ocrx_word' id='word_1_316' title='bbox 674 4155 735 4218; x_wconf 87' lang='lat' dir='ltr'>nisi</span> <span class='ocrx_word' id='word_1_317' title='bbox 760 4153 859 4230; x_wconf 82' lang='lat' dir='ltr'>fallor,</span> <span class='ocrx_word' id='word_1_318' title='bbox 890 4173 1015 4217; x_wconf 89' lang='grc'><strong>0000000</strong></span> <span class='ocrx_word' id='word_1_319' title='bbox 1043 4159 1092 4217; x_wconf 87' lang='grc'>001</span> <span class='ocrx_word' id='word_1_320' title='bbox 1116 4151 1262 4217; x_wconf 90' lang='lat' dir='ltr'>Tironem</span> <span class='ocrx_word' id='word_1_321' title='bbox 1290 4155 1519 4238; x_wconf 81' lang='lat' dir='ltr'>quaesivisses</span> 
     </span>
     <span class='ocr_line' id='line_1_37' title="bbox 176 4271 1519 4352; baseline -0.002 -15"><span class='ocrx_word' id='word_1_322' title='bbox 176 4272 332 4350; x_wconf 83' lang='lat' dir='ltr'>Cicerone,</span> <span class='ocrx_word' id='word_1_323' title='bbox 358 4293 436 4335; x_wconf 91' lang='lat' dir='ltr'>num</span> <span class='ocrx_word' id='word_1_324' title='bbox 457 4274 489 4335; x_wconf 91' lang='lat' dir='ltr'>in</span> <span class='ocrx_word' id='word_1_325' title='bbox 510 4272 725 4337; x_wconf 89' lang='lat' dir='ltr'>collectionem</span> <span class='ocrx_word' id='word_1_326' title='bbox 746 4292 875 4336; x_wconf 88' lang='lat' dir='ltr'>suarum</span> <span class='ocrx_word' id='word_1_327' title='bbox 897 4271 1105 4352; x_wconf 89' lang='lat' dir='ltr'>epistularum</span> <span class='ocrx_word' id='word_1_328' title='bbox 1125 4271 1353 4335; x_wconf 89' lang='lat' dir='ltr'>instituendam</span> <span class='ocrx_word' id='word_1_329' title='bbox 1374 4292 1427 4335; x_wconf 88' lang='lat' dir='ltr'>eas</span> <span class='ocrx_word' id='word_1_330' title='bbox 1449 4279 1519 4336; x_wconf 90' lang='lat' dir='ltr'>tan-</span> 
     </span>
    </p>
   </div>
   <div class='ocr_carea' id='block_1_8' title="bbox 176 4471 1520 4714">
    <p class='ocr_par' dir='ltr' id='par_1_10' title="bbox 176 4471 1520 4714">
     <span class='ocr_line' id='line_1_38' title="bbox 234 4471 1520 4543; baseline -0.002 -15"><span class='ocrx_word' id='word_1_331' title='bbox 234 4475 255 4543; x_wconf 68' lang='grc'>1)</span> <span class='ocrx_word' id='word_1_332' title='bbox 280 4475 311 4528; x_wconf 88' lang='lat' dir='ltr'>F.</span> <span class='ocrx_word' id='word_1_333' title='bbox 334 4473 442 4540; x_wconf 82' lang='lat' dir='ltr'>Mozger</span> <span class='ocrx_word' id='word_1_334' title='bbox 474 4472 593 4539; x_wconf 84' lang='lat' dir='ltr'>(Ciceros</span> <span class='ocrx_word' id='word_1_335' title='bbox 617 4471 709 4526; x_wconf 84' lang='lat' dir='ltr'>Briefe</span> <span class='ocrx_word' id='word_1_336' title='bbox 733 4473 820 4526; x_wconf 86' lang='grc'><strong>011010.</strong></span> <span class='ocrx_word' id='word_1_337' title='bbox 845 4472 949 4540; x_wconf 87' lang='lat' dir='ltr'>Stuttg.</span> <span class='ocrx_word' id='word_1_338' title='bbox 982 4474 1055 4526; x_wconf 83' lang='grc'><strong>1859.</strong></span> <span class='ocrx_word' id='word_1_339' title='bbox 1079 4472 1099 4524; x_wconf 84' lang='grc' dir='ltr'>Ι.</span> <span class='ocrx_word' id='word_1_340' title='bbox 1127 4472 1171 4539; x_wconf 85' lang='grc'>37)</span> <span class='ocrx_word' id='word_1_341' title='bbox 1198 4471 1261 4525; x_wconf 90' lang='lat' dir='ltr'>inde</span> <span class='ocrx_word' id='word_1_342' title='bbox 1287 4471 1426 4525; x_wconf 90' lang='lat' dir='ltr'>concludit</span> <span class='ocrx_word' id='word_1_343' title='bbox 1453 4476 1520 4526; x_wconf 90' lang='lat' dir='ltr'>tunc</span> 
     </span>
     <span class='ocr_line' id='line_1_39' title="bbox 176 4556 1518 4630; baseline -0.004 -14"><span class='ocrx_word' id='word_1_344' title='bbox 176 4560 307 4630; x_wconf 83' lang='lat' dir='ltr'>temporis</span> <span class='ocrx_word' id='word_1_345' title='bbox 325 4558 462 4613; x_wconf 88' lang='lat' dir='ltr'>Ciceronis</span> <span class='ocrx_word' id='word_1_346' title='bbox 485 4557 618 4626; x_wconf 83' lang='lat' dir='ltr'>epistulas</span> <span class='ocrx_word' id='word_1_347' title='bbox 642 4558 698 4612; x_wconf 81' lang='lat' dir='ltr'>iam</span> <span class='ocrx_word' id='word_1_348' title='bbox 724 4559 753 4612; x_wconf 91' lang='lat' dir='ltr'>in</span> <span class='ocrx_word' id='word_1_349' title='bbox 774 4558 912 4612; x_wconf 85' lang='lat' dir='ltr'>volumina</span> <span class='ocrx_word' id='word_1_350' title='bbox 935 4559 1063 4612; x_wconf 81' lang='lat' dir='ltr'>redactas</span> <span class='ocrx_word' id='word_1_351' title='bbox 1087 4556 1180 4610; x_wconf 86' lang='lat' dir='ltr'>fuisse.</span> <span class='ocrx_word' id='word_1_352' title='bbox 1199 4585 1232 4595; x_wconf 90' lang='lat'><em>—</em></span> <span class='ocrx_word' id='word_1_353' title='bbox 1251 4556 1386 4624; x_wconf 88' lang='lat' dir='ltr'>Leighton</span> <span class='ocrx_word' id='word_1_354' title='bbox 1404 4564 1465 4626; x_wconf 84' lang='lat' dir='ltr'>pag.</span> <span class='ocrx_word' id='word_1_355' title='bbox 1484 4559 1518 4611; x_wconf 74' lang='grc'>99</span> 
     </span>
     <span class='ocr_line' id='line_1_40' title="bbox 176 4643 989 4714; baseline -0.007 -13"><span class='ocrx_word' id='word_1_356' title='bbox 176 4652 233 4701; x_wconf 89' lang='lat' dir='ltr'>not.</span> <span class='ocrx_word' id='word_1_357' title='bbox 251 4648 285 4700; x_wconf 78' lang='lat'>22</span> <span class='ocrx_word' id='word_1_358' title='bbox 303 4645 438 4714; x_wconf 75' lang='lat' dir='ltr'>quaedam</span> <span class='ocrx_word' id='word_1_359' title='bbox 455 4647 581 4711; x_wconf 80' lang='lat' dir='ltr'>annotat,</span> <span class='ocrx_word' id='word_1_360' title='bbox 599 4660 668 4713; x_wconf 80' lang='lat' dir='ltr'>quae</span> <span class='ocrx_word' id='word_1_361' title='bbox 687 4660 736 4713; x_wconf 84' lang='lat' dir='ltr'>ego</span> <span class='ocrx_word' id='word_1_362' title='bbox 754 4661 808 4697; x_wconf 90' lang='lat' dir='ltr'>non</span> <span class='ocrx_word' id='word_1_363' title='bbox 827 4643 989 4711; x_wconf 81' lang='lat' dir='ltr'>intelligam.</span> 
     </span>
    </p>
   </div>
   <div class='ocr_carea' id='block_1_9' title="bbox 0 0 1697 5070">
    <p class='ocr_par' dir='ltr' id='par_1_11' title="bbox 0 0 1697 5070">
     <span class='ocr_line' id='line_1_41' title="bbox 0 0 1697 5070; baseline 0 0"><span class='ocrx_word' id='word_1_364' title='bbox 0 0 1697 5070; x_wconf 95' lang='lat' dir='ltr'> </span> 
     </span>
    </p>
   </div>
  </div>
 </body>
</html>
