3376 5070
170 1716 227 1830 N
228 1791 267 1833 011
297 1789 410 1848 vereor,
441 1790 480 1833 ne
508 1771 706 1834 excusatione
735 1769 813 1832 mihi
843 1789 920 1862 opus
948 1768 989 1831 sit
1016 1765 1112 1831 verba
1139 1765 1259 1829 facturo
1290 1766 1329 1829 de
1350 1763 1392 1827 M.
1415 1763 1517 1826 Tulli

170 1886 326 1951 Ciceronis
353 1888 503 1970 epistulis,
532 1908 611 1968 quas
631 1891 671 1952 od
692 1890 863 1972 familiares
886 1887 1046 1950 nominare
1065 1885 1295 1949 consuevimus:
1332 1903 1405 1946 nam
1426 1902 1498 1964 pro-

171 2005 251 2069 fecto
273 2027 374 2086 neque
396 2005 541 2086 indignae
563 2013 645 2084 sunt,
667 2006 699 2068 in
722 2025 800 2085 quas
821 2006 936 2067 iterum
957 2005 1134 2084 iterumque
1156 2002 1296 2079 studium
1313 2000 1498 2077 conferatur,
1550 2075 1552 2079 y

171 2144 272 2204 neque
293 2125 458 2206 tantopere
479 2131 697 2206 pertractatae,
720 2130 764 2198 ut,
792 2122 847 2201 qui
869 2142 921 2184 eas
943 2121 1044 2184 denuo
1066 2102 1268 2201 aggrediatur
1290 2120 1374 2183 dicta
1397 2120 1499 2182 dicere

171 2248 296 2304 coactus
326 2244 376 2304 sit.
419 2241 518 2302 Immo
548 2261 621 2303 vero
649 2246 774 2302 tantum
801 2236 898 2316 abest,
927 2245 963 2301 ut
989 2237 1104 2300 harum
1132 2237 1338 2319 epistularum
1360 2239 1499 2301 studium

172 2357 400 2434 quodammodo
421 2357 576 2421 adfinem
596 2357 782 2440 perductum
804 2358 852 2434 sit,
873 2364 909 2420 ut
931 2356 1020 2437 quasi
1041 2354 1252 2419 incunabulis
1274 2355 1384 2419 iaceat.
1418 2355 1500 2420 Nam

172 2474 258 2553 qnod
280 2475 394 2537 attinet
413 2475 455 2538 ad
470 2473 552 2538 Tulli
572 2474 668 2539 verba
682 2477 732 2538 ria
747 2496 784 2539 ac
797 2475 918 2538 ratione
939 2474 1142 2552 restituenda,
1163 2475 1318 2538 neminem
1334 2480 1411 2556 puto
1426 2493 1500 2550 esse,

173 2593 228 2672 qui
249 2593 344 2655 etiam
365 2614 447 2656 nunc
468 2594 575 2657 Orellii
601 2595 751 2657 iudicium
772 2592 988 2675 amplectatur,
1016 2592 1050 2655 id
1071 2593 1166 2656 nimio
1188 2593 1292 2657 studio
1313 2593 1442 2674 agentis,
1464 2598 1501 2654 ut

172 2731 209 2773 ca
227 2709 293 2774 sola
310 2710 440 2775 Medicei
461 2712 523 2776 lide
543 2700 669 2790 tradita,
692 2712 830 2792 reliquos
849 2711 947 2774 libros
962 2712 1192 2794 manuscriptos
1207 2711 1247 2775 ab
1269 2711 1329 2775 hoc
1344 2712 1501 2774 derivatos

172 2851 239 2894 esse
268 2830 468 2894 demonstret.
512 2829 616 2907 Quum
643 2852 716 2894 vero
743 2831 938 2913 praestantia
964 2850 1072 2894 eorum
1100 2830 1254 2907 codicum,
1287 2850 1365 2910 quos
1394 2849 1457 2892 non
1483 2850 1500 2891 o

173 2947 319 3023 Mediceo,
348 2948 403 3010 sed
430 2970 468 3011 ex
488 2948 599 3011 altiore
620 2949 757 3028 quodam
778 2948 862 3012 fonte
883 2970 1027 3012 manasse
1048 2955 1180 3026 constat,
1207 2949 1256 3012 liis
1277 2949 1354 3031 ipsis
1375 2949 1499 3011 demum

173 3066 263 3128 armis
293 3065 417 3144 cognita
444 3066 500 3142 sit,
527 3067 636 3129 messis
662 3065 776 3143 futura,
802 3073 839 3129 ut
867 3067 969 3143 aiunt,
999 3066 1102 3130 adhuc
1130 3068 1163 3129 in
1190 3066 1290 3130 herba
1317 3074 1375 3130 est.
1420 3065 1502 3129 Nam

174 3183 385 3247 Turonensem
406 3183 533 3263 quidem
553 3190 673 3265 septem
693 3185 810 3266 primos
832 3183 935 3247 libros
952 3185 1162 3248 continentem
1184 3183 1241 3248 Ch.
1263 3183 1397 3248 Thurot¹
1420 3203 1502 3247 anno

177 3307 255 3365 1874
285 3301 450 3382 diligenter
471 3303 620 3381 excussit,
649 3301 834 3366 Harleianos
862 3309 980 3381 autem,
1008 3323 1142 3383 quorum
1169 3277 1380 3384 praestantior
1405 3301 1502 3365 libros

173 3419 362 3496 lX-XVI,
391 3418 517 3483 ilderior
538 3420 634 3484 libros
659 3420 798 3484 l—VIH
818 3420 1081 3502 complectuntur,
1113 3419 1290 3484 Fridericus
1312 3419 1417 3483 Riihl²
1438 3441 1500 3483 non

174 3539 298 3621 penitus
324 3538 356 3600 in
384 3537 486 3602 lucem
514 3538 658 3621 protulit,
688 3539 743 3603 sed
773 3547 928 3620 quantum
948 3539 1089 3604 sufficere
1110 3539 1326 3603 arbitrabatur
1346 3539 1387 3602 ad
1408 3537 1502 3601 fidem

175 3655 288 3719 horum
311 3656 453 3720 codicum
473 3655 677 3739 probandama
722 3657 833 3738 Itaque
858 3659 1035 3739 etiamque
1057 3657 1220 3722 affinitatis
1243 3655 1365 3720 vinculo
1388 3655 1502 3736 singuli

176 3760 297 3837 codices
318 3775 401 3836 inter
422 3796 455 3838 se
475 3774 662 3839 cohaereant
683 3775 787 3840 adhuc
800 3751 870 3840 'non
892 3779 969 3840 satis
990 3777 1098 3856 liquet.

278 3890 387 3972 Neque
410 3898 515 3955 tamen
527 3894 568 3956 'in
589 3914 653 3957 una
674 3893 733 3958 hac
747 3916 781 3957 re
796 3895 1002 3977 epistularum
1016 3894 1156 3958 studium
1171 3892 1335 3956 claudicat.
1374 3891 1502 3968 Omitto,

176 4012 260 4091 quod
277 4010 317 4074 de
338 4009 446 4073 multis
467 4011 608 4091 epistulis
631 4011 762 4075 dubium
780 4020 835 4091 est,
864 4033 926 4076 non
948 4013 1025 4090 dico,
1054 4011 1195 4092 quodie,
1223 4011 1278 4075 sed
1305 4029 1368 4090 quo
1389 4030 1502 4086 mense,

176 4149 238 4209 quo
267 4148 348 4192 anno
378 4128 471 4192 datae
499 4130 576 4206 sint,
606 4136 747 4194 attamen
768 4130 874 4195 Bruno
897 4129 1009 4194 Nake³
1030 4137 1062 4193 et
1091 4130 1126 4192 Ο.
1146 4128 1315 4193 Eduardus
1338 4126 1503 4192 Schmidt⁴

141 4424 146 4432 ,
232 4367 253 4435 ¹)
276 4365 405 4419 Biblioth.
422 4366 456 4418 de
472 4365 564 4418 l’ecolc
581 4366 628 4418 des
646 4366 743 4419 hautos
762 4367 864 4420 studes
899 4366 986 4419 Paris.
1024 4368 1098 4420 1874.

229 4473 252 4536 ²)
275 4469 372 4524 Rheiu.
391 4469 459 4523 Mus.
477 4470 546 4523 1875.
566 4468 616 4522 vol.
630 4470 712 4522 XXX.
734 4486 793 4536 pag.
815 4473 848 4523 ‘26
871 4487 907 4536 sq.
936 4468 1153 4523 Wisseuschafd.
1175 4467 1393 4521 blouatsblttter.
1427 4465 1502 4519 1878.

177 4571 235 4621 pag.
253 4559 287 4610 25
305 4573 342 4623 sq.

231 4657 255 4726 ⁸)
275 4656 299 4726 ⁴)
322 4659 383 4712 vide
400 4657 480 4712 iufra.

1327 4759 1341 4812 1
