3376 5070
816 148 853 210 11

728 233 935 245 ια’-μ-ι-

164 415 347 494 ,disseruit,¹
372 401 530 479 laudatur.
571 411 645 491 Qui,
674 433 772 495 quum
799 434 838 477 ex
860 432 898 478 ea
916 413 1040 492 tabula,
1068 433 1164 494 quam
1186 434 1282 498 supra
1302 418 1375 480 ante
1397 416 1501 481 carlus

170 524 343 618 posuimus,
371 533 505 597 alteram
525 551 682 613 quamque
703 538 827 613 partem
848 551 955 595 earum
977 533 1195 614 epistularum,
1220 552 1300 614 quae
1321 541 1430 599 contra
1451 557 1501 600 re-

171 654 276 736 gulam
296 652 465 734 dispositae
486 670 552 716 esse
573 649 745 727 rideantur,
772 669 839 714 esse
860 656 916 714 aut
936 644 970 713 in
991 650 1080 716 libris
1103 651 1240 715 l.-XIl.
1263 652 1418 734 colligant,
1447 661 1503 717 aut

170 774 204 836 in
232 770 321 835 libris
343 769 428 833 XIII.
450 775 483 833 et
505 767 570 846 XV,
599 768 693 833 huius
718 769 763 832 rei
792 765 995 850 explicandae
1015 768 1064 833 vel
1085 770 1280 835 excusandae
1301 791 1397 835 unam
1417 770 1500 836 hanc

171 883 324 955 rationem
344 887 486 953 relictam
507 908 574 952 esse
595 893 729 965 censent,
751 893 788 949 ιιι
810 885 907 951 libros
928 885 1065 951 I.-XII.
1088 889 1225 970 primum
1240 910 1296 972 per
1311 909 1344 954 se
1358 888 1503 954 collectos

172 1011 205 1073 in
226 1008 368 1072 ordinem
389 1006 540 1084 redactos,
566 1005 741 1087 publicatos
762 1025 829 1069 esse
851 1011 994 1069 statuant
1016 1012 1048 1070 et
1068 1012 1141 1088 post
1161 1026 1213 1070 ecs
1235 1005 1336 1070 editos
1358 1005 1504 1070 Tironem

173 1147 329 1208 -quem
357 1123 508 1189 editorem
535 1145 602 1188 esse
628 1123 751 1200 volunt,
780 1143 818 1186 ac
838 1125 905 1188 iure
927 1123 1069 1204 quidem,
1097 1130 1134 1187 ut
1154 1124 1246 1188 medo
1268 1123 1503 1189 ridebimus—

111 1325 114 1331 ·
173 1251 308 1327 quatuor
334 1242 391 1306 ult'
369 1249 462 1307 timos
488 1242 585 1307 libros
612 1241 787 1306 addidisse
797 1261 836 1305 ex
865 1241 909 1305 eis
937 1243 1018 1324 epist
1004 1242 1079 1332 tulis
1105 1241 1176 1307 illes
1199 1244 1393 1324 compositos,
1424 1260 1504 1323 quae

173 1370 229 1428 aut
253 1361 382 1426 relictae
411 1367 530 1426 essent
544 1367 600 1424 aut
634 1367 705 1442 post
731 1359 873 1423 editum
860 1361 966 1441 prius
992 1378 1105 1442 corpus
1136 1361 1170 1424 in
1198 1362 1280 1426 eius
1291 1375 1403 1426 manus
1433 1382 1505 1499 per-

173 1482 338 1546 venissent.
384 1458 434 1558 (cf.
457 1478 570 1560 Leight
571 1499 620 1542 cn.
643 1478 663 1541 l.
686 1499 712 1542 c.
736 1498 807 1560 pag
831 1482 891 1556 25.)

279 1599 325 1663 Ac
345 1599 482 1681 primum
502 1597 582 1661 liber
602 1596 686 1690 XIV.
706 1597 787 1678 epist
773 1596 856 1660 tulas
877 1596 920 1660 ad
941 1592 1127 1674 Terentiam,
1148 1595 1228 1661 liber
1249 1596 1333 1660 XVI.
1356 1596 1507 1679 epistulas

176 1716 382 1783 adTircnem
409 1717 508 1795 datas,
542 1687 677 1796 denique
704 1735 774 1779 eam
803 1722 926 1797 partem
952 1715 1159 1797 epistularum
1188 1715 1404 1781 Tullianamm
1435 1736 1508 1779 con-

119 1817 123 1824 ’
175 1839 285 1915 tinent,
307 1856 403 1918 quam
424 1834 504 1912 Tiro,
531 1853 630 1916 quum
650 1840 756 1916 posset
776 1835 892 1915 partim
912 1833 1057 1899 facillime
1077 1836 1214 1917 assequi,
1243 1835 1360 1917 partim
1378 1836 1447 1916 ipse
1466 1831 1507 1896 ab

175 1957 265 2020 initio
292 1953 480 2036 possideret,
516 1952 625 2036 procul
658 1951 754 2017 dubio
790 1953 884 2017 simul
912 1973 982 2018 cum
1016 1954 1120 2036 priore
1148 1954 1353 2037 epistularum
1380 1971 1509 2034 corpore
1554 2032 1556 2039 Ι

176 2075 318 2140 editmus
339 2071 433 2136 fluisse
453 2071 619 2154 putandus·
633 2078 690 2136 eet.
1539 2061 1541 2066 '

281 2190 448 2255 Praeterea
472 2191 506 2253 ιιι
534 2189 690 2272 prioribus
714 2188 804 2252 libris
828 2188 933 2253 nullae
961 2188 1109 2271 leguntur
1137 2193 1238 2271 neque
1260 2189 1302 2253 ad
1324 2185 1509 2266 Terentiam,

179 2329 280 2391 neque
302 2308 344 2373 ad
359 2306 503 2372 Tironem
522 2307 622 2386 datae,
644 2307 758 2390 quibus
779 2307 837 2372 has
858 2319 1009 2391 tanquam
1029 2312 1275 2391 supplementum
1296 2307 1421 2373 additas
1443 2326 1510 2372 esse
1609 2332 1611 2336 ³

180 2428 282 2502 dicere
303 2425 411 2510 possis.

285 2544 378 2623 Tum,
409 2545 464 2626 qui
496 2545 543 2608 ita
574 2544 715 2608 iudicant
741 2545 774 2607 in
802 2565 838 2608 eo
867 2545 1064 2626 potissimum
1089 2552 1212 2622 errant,
1250 2544 1335 2626 qued
1364 2548 1510 2607 naturam

178 2666 251 2730 libri
278 2663 363 2728 XIII.
394 2663 549 2745 cognitam
578 2683 641 2727 non
668 2661 787 2728 habent
815 2670 847 2727 et
877 2683 929 2726 eas
958 2663 1110 2744 epistulas
1136 2641 1246 2727 contra
1270 2663 1424 2726 rationem
1446 2655 1510 2726 die·

179 2785 304 2868 positas·
317 2803 385 2848 esse
406 2788 540 2859 censent,
560 2803 640 2862 quae
661 2783 777 2864 partim
795 2782 827 2844 in
847 2781 907 2845 hcc
923 2781 1005 2846 libro
1024 2781 1141 2864 partim
1157 2783 1190 2844 in
1208 2781 1338 2862 reliquis
1354 2780 1509 2865 leguntur,
1572 2781 1575 2787 '

180 2923 277 2984 quum
298 2923 350 2966 ecs
370 2900 470 2982 fugiat
491 2900 760 2964 commendatitias
781 2896 931 2982 epistulas
953 2900 994 2963 ab
1015 2899 1134 2964 editore
1150 2899 1245 2964 huius
1262 2901 1399 2981 corperis
1418 2905 1512 2963 antea

181 3042 198 3086 c
218 3027 288 3085 tcta
307 3019 512 3103 epistularum
533 3019 622 3099 copia
643 3017 757 3082 electae
776 3038 850 3096 esse,
875 3034 971 3098 quam
986 3017 1069 3082 ullae
1083 3018 1236 3101 epistulae
1245 3017 1353 3082 editae
1370 3017 1511 3082 firerint.²

279 3138 398 3203 Revera
426 3137 523 3218 igitur
552 3143 677 3217 praeter
698 3136 848 3218 epistulas
872 3135 909 3199 V.
936 3141 953 3199 7
975 3142 1008 3200 et
1029 3135 1099 3200 VII.
1124 3143 1141 3198 5
1163 3155 1219 3201 eae
1240 3143 1366 3201 tantum
1386 3143 1512 3219 praeter

180 3259 443 3342 exspectationem
465 3255 674 3335 transpositae
695 3261 775 3332 sunt,
798 3262 989 3335 quaesunt:

309 3369 314 3376 ’
425 3373 468 3439 ad
489 3372 630 3437 Cassium
651 3371 720 3436 XII.
747 3377 844 3435 1-12
960 3379 992 3436 et
1019 3367 1088 3434 XV.
1112 3378 1245 3436 14219.

439 3543 455 3570 „
493 3490 682 3556 Trebonium
702 3490 741 3553 X.
764 3495 818 3553 28-
972 3540 988 3569 „
1022 3489 1090 3552 XV.
1114 3496 1153 3554 20
1175 3497 1208 3554 et
1230 3496 1279 3554 21.

436 3660 452 3688 „
488 3609 531 3672 M.
553 3609 736 3674 Marcellum
757 3607 811 3672 lV.
836 3611 934 3671 7--11
970 3659 985 3687 „
1018 3606 1086 3672 XV.
1111 3615 1140 3673 9.

285 3725 367 3804 Quin
395 3729 489 3792 etiam
516 3726 709 3792 collocationi
737 3726 888 3809 epistulae
915 3717 982 3790 XV.
1013 3733 1041 3790 9.
1072 3728 1202 3792 nimiam
1230 3728 1292 3791 vim
1324 3726 1511 3805 tribuerunt,

180 3847 356 3927 quicunque
384 3845 423 3910 de
451 3847 672 3928 compositione
698 3845 791 3909 huius
818 3846 955 3928 corporis
983 3851 1128 3926 egerunt,
1158 3861 1256 3926 quum
1278 3866 1340 3909 non
1362 3844 1512 3922 consulto,

179 3965 234 4030 sed
255 3962 338 4029 facili
359 3985 464 4029 errore
486 3963 603 4028 factum
624 3985 690 4029 csse
711 3963 790 4026 mihi
811 3963 938 4044 quidem
952 3979 1137 4046 persuasum
1151 3965 1202 4042 sit,
1224 3971 1261 4028 ut
1283 3963 1360 4028 haec
1377 3963 1512 4045 epistula

178 4085 220 4150 ad
246 4084 284 4153 Μ.
315 4082 481 4149 Claudium
508 4083 691 4148 Marcellum
725 4082 800 4147 data
831 4082 1031 4165 copularetur
1067 4103 1139 4147 cum
1168 4083 1226 4160 eis,
1263 4103 1343 4164 quae
1371 4089 1444 4146 sunt
1471 4081 1513 4146 ad

181 4202 211 4274 C.
234 4203 399 4268 Claudium
420 4201 619 4267 Marcellum³
645 4198 726 4288 (XV.
745 4204 772 4263 7.
797 4205 825 4264 8.
853 4206 898 4264 10.
925 4203 986 4286 11).
1033 4200 1124 4278 Quod
1146 4201 1173 4266 si
1195 4200 1375 4265 conceditur
1396 4199 1513 4264 librum
1627 4201 1631 4210 ¹

235 4390 257 4458 Ι)
283 4389 382 4443 Litter.
401 4387 549 4442 Centralbl.
569 4388 658 4442 1877:
680 4384 730 4438 Nc.
748 4387 791 4440 44.
809 4399 869 4453 pag.
890 4387 964 4440 1478.

132 4521 151 4572 s
232 4494 256 4561 ²)
278 4494 320 4547 De
338 4493 437 4546 haere
455 4492 533 4545 modo
551 4489 708 4545 accuratius
727 4487 923 4557 disputabitur.

234 4598 257 4664 ⁸)
283 4597 315 4649 In
328 4596 385 4649 cod.
397 4595 468 4649 Med
481 4596 627 4663 epistulam
641 4596 656 4648 7
668 4591 809 4660 praecedit
819 4607 899 4659 nona,
918 4596 1001 4660 atque
1011 4609 1095 4660 quum
1105 4593 1173 4647 hacc
1187 4592 1223 4645 Μ.
1237 4586 1366 4645 Marcello
1379 4589 1518 4657 inscripta

179 4682 224 4751 sit,
248 4682 321 4736 idem
345 4696 508 4750 praenomen
531 4681 573 4735 illl
596 4680 742 4755 adhaeret,
776 4678 928 4732 Cratander
954 4681 1028 4744 recte
1051 4679 1167 4747 praehet
1195 4679 1223 4734 G.
1242 4677 1369 4733 Marcello
1394 4692 1428 4731 ex
1444 4691 1512 4733 con·
