3376 5070
816 102 856 161 14

734 185 962 193 ...η-η(

271 360 399 429 Reetius
425 362 465 438 de
485 361 545 437 hac
566 385 600 427 re
621 364 835 444 iudicabimus,
854 335 891 438 si
912 363 1146 445 cognoverimus
1166 363 1243 444 quid
1264 370 1427 445 praeterea
1451 363 1500 440 sit,
1666 447 1668 450 Α

169 461 232 586 buo
253 480 326 543 libri
344 480 381 558 X,
405 480 458 560 XI,
479 479 549 545 XII.
571 503 591 546 1
611 482 740 564 reliquls
762 482 927 559 differant:
972 561 975 565 ,

269 597 310 662 Hi
343 597 407 663 fere
438 600 504 672 siue
549 602 730 684 exceptione
754 602 914 680 continent
946 599 1130 676 nouaclum
1152 621 1204 664 eas
1227 600 1393 682 epistulas,
1423 620 1501 680 quas

53 759 55 762 ⁴
171 716 277 781 Cicero
305 717 407 796 dedit,
437 717 493 795 sed
514 719 611 785 etiam
630 740 697 799 eas,
725 740 804 801 quas
824 721 935 795 missas
959 720 1095 800 accepit3
1127 721 1162 783 in
1187 719 1316 800 reliquis
1346 717 1410 782 fere
1439 740 1502 782 non

170 843 243 900 sunt
270 835 435 917 epistulae,
470 837 530 901 nIsi
558 836 739 903 Ciceronis.1
787 838 876 904 Unus
905 845 953 903 est
986 838 1066 914 liber
1087 837 1170 916 VIII,
1199 824 1240 901 ¹in
1267 858 1330 919 quo
1356 836 1503 918 leguntur

170 953 322 1035 epistulae
343 976 363 1018 a
385 953 488 1018 Caelio
509 955 610 1035 datae,
632 979 741 1022 verum
760 959 857 1023 etiam
877 957 929 1023 hio
950 957 1052 1031 tribue
1072 957 1161 1020 libris
1180 956 1242 1028 illis
1262 956 1378 1038 dispar,
1402 976 1499 1037 quum

171 1093 232 1136 uon
254 1073 334 1136 sicut
353 1074 386 1135 in
406 1073 468 1138 illis
490 1075 651 1156 epistulae,
673 1097 751 1157 quas
774 1075 880 1140 Cicero
903 1075 992 1139 dedit
1008 1097 1080 1151 cum
1092 1076 1138 1151 ¹eis
1153 1096 1233 1156 quas
1250 1076 1377 1157 accepit,
1397 1074 1501 1138 locum

136 1276 138 1280 ,
170 1189 327 1254 alternent
348 1197 381 1255 et
402 1193 491 1273 quasi
512 1195 686 1275 permixtae
706 1195 779 1273 sint.
820 1194 976 1276 Deanue,
1005 1215 1104 1275 quum
1124 1193 1212 1258 nulla
1231 1194 1272 1258 sit
1299 1195 1332 1256 in
1353 1193 1414 1257 hoc
1435 1214 1503 1257 cor-

171 1329 246 1391 pore
274 1310 423 1393 epistula,
451 1331 532 1392 quae
557 1319 631 1377 ante
658 1335 775 1381 annum
799 1318 859 1384 692
891 1312 967 1388 data
986 1298 1046 1391 sit,
1067 1314 1165 1394 ipsius
1187 1319 1294 1384 autem
1315 1311 1408 1381 huius
1429 1313 1502 1384 asni

170 1448 233 1508 uon
260 1427 331 1511 plus
359 1436 495 1509 quatuor
523 1429 584 1518 (Va
601 1438 625 1509 1,
648 1436 674 1509 2,
696 1438 722 1508 6,
747 1428 779 1517 7)
808 1431 882 1507 anni
911 1437 971 1497 693
999 1453 1062 1510 uua
1091 1430 1142 1518 (V.
1167 1429 1199 1516 1)
1229 1431 1302 1506 anni
1330 1435 1390 1494 694
1409 1429 1503 1508 nulla,

171 1520 245 1609 anni
275 1552 335 1610 695
365 1547 446 1612 duae
467 1547 518 1631 (cf.
543 1547 667 1613 Gruber
688 1548 708 1612 l.
731 1571 756 1613 o.
778 1569 849 1631 pag.
871 1547 914 1635 4),
942 1570 1005 1630 quo
1026 1551 1126 1631 magis
1147 1548 1364 1632 progredimur
1385 1569 1421 1612 eo
1442 1548 1503 1612 fre·

111 1754 113 1760 .
172 1665 350 1744 quentiores
368 1666 521 1747 epistulae
541 1668 688 1746 errIstunt,
709 1668 756 1739 ita
778 1674 814 1731 ut
836 1689 951 1746 earnm
978 1689 1060 1748 (1111
1079 1669 1169 1732 annis
1195 1672 1253 1741 710
1274 1674 1306 1731 et
1330 1672 1386 1731 711
1412 1667 1504 1730 datae

171 1783 203 1878 iu
226 1782 316 1847 libris
337 1782 374 1861 X,
396 1783 541 1875 XI,XII.
564 1793 645 1864 sunt,
667 1785 731 1863 fere
751 1785 856 1860 nullae
878 1786 1104 1850 desiderentur.

276 1901 396 1980 Quibus
424 1902 518 1968 rebus
548 1905 679 1985 cognitis
700 1925 762 1968 non
785 1904 955 1968 verendum
975 1911 1038 1982 est,
1066 1925 1165 1974 neea
1196 1924 1292 1985 quam
1313 1903 1504 1998 proposituri

171 2004 278 2084 sumus
305 2022 512 2102 explicatione
538 2023 584 2086 ita
612 2022 748 2099 multum
768 2044 788 2086 1
808 2044 881 2100 vero
902 2022 1093 2097 aberremus.
1138 2022 1300 2104 Fingimus
1322 2023 1404 2085 enirn
1424 2020 1506 2084 hauc

172 2138 302 2203 editoris
322 2140 477 2204 rationem
498 2139 600 2219 fuisse,
617 2148 654 2206 ut
674 2163 728 2207 eas
749 2141 907 2223 epistulas,
930 2162 1010 2222 quas
1033 2149 1107 2207 ante
1128 2143 1288 2212 ineuntem
1306 2162 1423 2215 aninum
1446 2143 1505 2202 710
1577 2195 1580 2202 ,

172 2257 352 2338 collegerat,
379 2265 455 2323 tuuc
483 2261 516 2323 in
543 2259 701 2338 volumina
731 2261 899 2342 redigeret,
917 2282 1029 2341 ¹neque
1055 2281 1128 2346 vero
1156 2261 1260 2342 priore
1289 2260 1348 2324 hoe
1378 2277 1506 2340 corpore

172 2377 356 2458 composito,
385 2378 471 2441 euius
499 2385 573 2444 sunt
601 2377 674 2447 libri
702 2378 813 2458 I—IX,
840 2377 921 2457 XIV,
948 2378 1014 2456 XV,
1035 2377 1118 2457 XVI,
1145 2379 1322 2442 remitteret
1342 2375 1507 2458 colligendi

172 2493 323 2573 studium,
347 2516 454 2558 verum
482 2517 550 2566 rem
569 2497 616 2560 ita
635 2497 828 2574 institueret,
854 2505 891 2575 ut
912 2516 1113 2578 quascunque
1135 2497 1285 2579 epistulas
1308 2494 1414 2560 Cicero
1434 2493 1507 2557 inde
1574 2572 1575 2575 Ἴ

172 2613 235 2676 sire
257 2612 361 2690 daret,
390 2615 454 2677 sive
472 2615 584 2685 missas
598 2616 771 2697 ¹¹accciperet,
798 2635 863 2696 ,quo
885 2614 993 2683 ordine
1015 2635 1081 2681 sese
1100 2617 1278 2697 exciperent
1299 2619 1506 2695 componeret.

173 2729 262 2795 Hanc
283 2731 433 2812 originem
454 2731 549 2808 ¹fuIsae
569 2734 709 2815 suspicor
729 2732 883 2809 librorum
903 2733 940 2812 X,
961 2732 1014 2812 XL
1036 2732 1109 2808 XII
1150 2731 1231 2797 Tum
1252 2752 1324 2807 vero
1347 2732 1408 2797 duc
1430 2731 1508 2796 haec

172 2848 330 2921 uolumina
357 2870 484 2932 prorsus
506 2851 679 2930 dissimilia,
710 2850 822 2938 (quum
839 2852 975 2920 alterum
997 2852 1057 2925 boe
1080 2873 1133 2917 eas
1152 2852 1305 2934 epistulas
1325 2850 1507 2927 contineret,

174 2989 254 3049 quae
285 2975 360 3032 tunc
384 2968 532 3044 collectae
560 2977 648 3050 sunt,
676 2990 773 3053 quum
796 2969 902 3037 Cicero
931 2972 998 3053 ipse
1027 2991 1080 3036 eas
1106 2977 1138 3035 et
1167 2971 1292 3053 scripsit
1319 2973 1359 3034 et*
1380 2968 1507 3051 aceepit,

105 3161 112 3181 ‚
173 3085 308 3152 alterum
328 3108 394 3166 eas,
420 3109 503 3169 quae
522 3109 591 3154 sero
613 3090 771 3171 querendo
792 3111 882 3164 rarae
903 3095 1047 3172 repertae
1064 3095 1167 3169 suut),
1195 3092 1242 3155 ita
1263 3089 1348 3154 edita
1369 3092 1450 3164 sunt,
1472 3093 1509 3150 ut

173 3205 338 3298 utriusque
366 3205 467 3271 forma
493 3213 617 3281 servata
644 3229 684 3273 ne
706 3208 837 3289 vestigia
858 3207 985 3289 quidem
1006 3207 1147 3280 diversae
1168 3209 1295 3289 originis
1317 3205 1504 3270 delerentur.

280 3323 348 3400 Qua
381 3326 548 3404 sententia,
586 3332 779 3408 quantopere
812 3327 859 3390 rei
897 3323 1138 3403 satisfaciamus,
1172 3312 1271 3406 quum
1304 3324 1393 3390 facile
1425 3345 1506 3387 unus

156 3441 307 3522 ·quisque
328 3442 491 3526 intelligat,
521 3451 710 3509 tamennon
737 3445 826 3527 prius
848 3450 1028 3525 exponetur,
1059 3464 1155 3524 quam
1175 3465 1220 3521 ea,
1249 3464 1330 3524 quae
1352 3442 1445 3506 modo
1467 3463 1505 3506 ex
1611 3486 1614 3493 ·

175 3561 395 3643 compositione
416 3560 510 3628 huius
531 3563 669 3645 corporis
684 3562 873 3645 collegimus,
894 3561 965 3626 aliis
981 3562 1175 3644 argumentis
1191 3548 1509 3644 comprobaverimus.v

280 3797 429 3862 Consulto
448 3797 591 3876 fecimus,
617 3798 702 3879 quod
722 3796 839 3862 librum
860 3796 945 3861 XIII.
965 3752 990 3861 ⁴a
1010 3805 1177 3880 conspectu
1198 3798 1391 3879 reliquorum
1409 3796 1506 3862 libro-

175 3937 247 3981 rum
271 3916 466 3994 seclusimus,
494 3917 568 3998 qiua
593 3918 648 3997 qui
674 3919 707 3980 in
733 3937 805 3981 eum
831 3916 935 3980 nullas
956 3915 1107 3998 epistulas
1125 3918 1257 3999 recepit,
1286 3918 1346 3980 nisi
1367 3916 1506 3980 eiusdem

175 4037 365 4118 argumenti,
394 4035 454 4099 hoc
474 4055 566 4099 suum
586 4056 698 4118 corpus
719 4041 815 4116 atquc
835 4057 855 4099 a
875 4036 987 4099 ceteris
1008 4035 1146 4099 alienum
1166 4055 1233 4100 esse
1254 4035 1369 4112 voluit3
1405 4055 1506 4115 neque

177 4174 248 4216 vero
275 4152 314 4217 ob
343 4153 442 4217 solam
468 4153 550 4223 hanc
578 4174 719 4233 causam,
755 4154 810 4223 sed
837 4154 936 4239 magis
965 4154 1074 4232 etiam,
1111 4155 1186 4236 quia
1213 4155 1246 4216 in
1273 4153 1341 4219 loco
1370 4152 1507 4234 quodam

176 4272 356 4351 tractando,
384 4293 478 4353 quem
497 4272 539 4336 ad
564 4272 681 4343 librum
701 4262 793 4336 xm,
807 4272 981 4351 referimus,
1009 4271 1193 4355 ampliorem
1213 4271 1396 4337 facultatem
1417 4271 1507 4335 uobis

50 4384 54 4390 “
177 4389 287 4455 datum
313 4390 352 4452 iri
379 4389 612 4454 arbitrabamur
637 4390 677 4455 de
707 4391 882 4457 conditione
903 4390 1001 4466 ¹huius
1032 4390 1106 4455 libri
1133 4381 1265 4454 dicendi.
1315 4388 1375 4452 Hic
1401 4395 1507 4453 autem

179 4515 227 4573 est
246 4508 299 4572 ille
321 4508 406 4572 locus
429 4508 636 4591 epistularum
656 4509 698 4573 ad
718 4510 801 4574 Att.:
824 4508 921 4599 (XVI.
945 4516 972 4588 5,
993 4507 1037 4594 4).

220 4662 257 4731 ·¹)
282 4660 411 4731 Excipias
429 4662 474 4715 IV.
492 4663 517 4730 5,
536 4664 577 4730 11,
597 4663 641 4730 12;
660 4661 692 4715 V.
711 4663 735 4729 1,
753 4663 778 4730 3,
796 4663 822 4730 9,
841 4663 894 4728 10⁸,
913 4663 959 4729 14;
980 4661 1026 4715 VI.
1045 4661 1069 4728 7,
1085 4663 1110 4728 9,
1129 4659 1288 4728 re;1x.9;
1307 4660 1364 4718 XV.
1384 4662 1424 4716 19.
