3376 5070
844 156 881 214 21

763 240 967 249 ——-=

192 415 278 480 Cassi
307 423 352 480 11.
378 423 441 480 12¹
486 417 684 503 Quamquam
705 421 803 500 igitur
824 420 907 483 inter
932 418 1025 482 Bruti
1047 417 1199 501 epistulas
1221 416 1389 481 nonnullae
1413 423 1539 498 praeter

190 536 455 616 exspectationem
476 535 645 601 collocatae
667 559 733 602 esse
755 538 911 615 videntur,
933 544 1039 601 tamen
1057 511 1230 600 tenendum
1244 543 1293 599 est
1310 557 1363 598 eas
1377 535 1538 617 epistulas,

192 674 328 737 quarum
357 659 483 735 tempus
510 656 663 720 traditum
691 664 753 733 est,
783 657 811 719 ei
834 656 950 720 rationi
971 654 1164 732 satisfacere,
1193 675 1290 739 quam
1311 654 1538 735 proposuimus

191 770 387 855 rehquarum
408 779 516 836 autem
536 780 663 857 tempus
685 796 705 838 a
725 773 835 837 Nakeo
857 775 1037 837 coniectura
1059 794 1133 836 sane
1155 773 1315 853 ingeniosa
1331 772 1539 850 constitutum

192 909 267 964 esse,
295 909 377 973 quae
401 896 508 953 tamen
536 913 599 955 non
626 913 790 977 nunquam
812 893 905 954 nimis
926 891 1048 954 levibus
1067 891 1261 970 argumentis
1284 891 1408 953 nititur.
1454 889 1538 965 Quin

192 1006 335 1088 epistulis
364 1007 416 1072 XI.
451 1015 498 1093 13.
533 1017 579 1072 16.
616 1016 661 1073 17.
693 1015 747 1087 22,
782 1009 898 1094 quibus
926 1009 1068 1090 ordinem
1089 1008 1255 1072 violentius
1283 1008 1449 1071 turbatum
1471 1027 1538 1070 esse

192 1132 304 1203 censet,
326 1125 391 1188 sive
413 1127 446 1188 in
467 1133 610 1210 tempore
631 1127 808 1191 definiendo
830 1148 959 1205 errasse,
982 1128 1045 1191 sive
1068 1127 1187 1190 ordinis
1207 1125 1363 1189 rationem
1380 1146 1443 1188 non
1465 1147 1537 1207 per-

192 1244 330 1325 spexisse
351 1243 413 1308 alio
435 1245 503 1308 loco
525 1246 682 1327 explicare
702 1246 895 1310 conabimur.
933 1245 1024 1322 Quod
1045 1266 1118 1309 vero
1135 1244 1177 1308 ad
1198 1246 1358 1324 integrum
1372 1265 1538 1306 numerum

191 1362 306 1426 harum
334 1362 543 1444 epistularum
572 1366 700 1442 attinet,
735 1362 863 1428 Nakeus
884 1365 952 1445 ipse
974 1364 1116 1427 concedit
1139 1369 1265 1444 praeter
1287 1368 1425 1445 quatuor
1445 1362 1539 1446 quin-

192 1501 291 1562 queve
320 1480 440 1543 uullam
465 1483 616 1563 scriptam
645 1503 712 1546 esse
735 1483 848 1560 videri,
878 1503 960 1567 quae
989 1503 1051 1545 non
1072 1482 1115 1545 ad
1143 1488 1284 1544 nostram
1306 1487 1444 1543 aetatem
1466 1501 1539 1560 per-

192 1599 313 1661 venerit
341 1596 393 1683 (cl.
416 1619 487 1680 pag.
513 1598 602 1684 698),
630 1607 726 1686 atque
753 1600 803 1665 vel
824 1600 986 1665 meliorem
1011 1599 1221 1664 conditionem
1242 1620 1309 1662 esse
1331 1597 1539 1679 epistularum

194 1715 262 1778 XII.
297 1722 408 1779 1-12
445 1719 508 1781 iam
542 1739 639 1800 supra
668 1721 987 1783 commemoravimus.
1027 1718 1139 1802 Itaque
1166 1737 1229 1780 non
1257 1716 1368 1779 dubito
1396 1700 1537 1780 statuere

192 1834 344 1914 epistulas
366 1835 519 1899 librorum
543 1839 578 1914 X,
604 1837 742 1915 1111111.
766 1836 822 1923 (ad
843 1836 886 1900 M.
908 1837 1046 1900 Brutum
1065 1835 1088 1913 l,
1107 1833 1152 1922 Π)
1181 1835 1291 1898 eodem
1319 1833 1384 1896 fere
1405 1855 1537 1897 numero

191 1958 288 2036 atque
316 1953 426 2017 eodem
454 1955 563 2018 ordine
588 1977 608 2019 a
630 1954 744 2019 Tirone
764 1956 798 2017 in
818 1955 978 2018 volumina
1000 1962 1143 2035 receptas
1164 1973 1239 2029 esse,
1271 1973 1333 2035 quo
1357 1950 1464 2017 Cicero
1486 1972 1539 2016 eas

191 2078 223 2133 et
245 2070 334 2134 dedit
357 2079 390 2135 et
412 2073 542 2154 accepit.
735 2156 738 2162 ἱ

297 2187 329 2252 Si
357 2210 445 2265 vero,
476 2209 681 2272 quaecunque
710 2187 816 2251 adhuc
846 2187 1080 2251 observavimus
1108 2193 1214 2250 mente
1236 2186 1538 2269 comprehendimus,

191 2304 273 2367 hano
294 2303 359 2368 fere
380 2306 516 2387 primam
537 2306 748 2370 conditionem
770 2304 978 2387 epistularum
999 2303 1094 2368 fuisse
1116 2305 1264 2368 dicemus.
1302 2305 1393 2368 Anno
1415 2326 1458 2368 cr.
1477 2308 1536 2366 709

193 2421 372 2486 Ciceronem
401 2429 434 2486 et
462 2422 608 2487 Tironem
634 2423 799 2488 consilium
825 2423 943 2505 cepisse
972 2423 1180 2504 epistularum
1207 2422 1402 2486 edendarum
1431 2429 1463 2485 et
1499 2421 1538 2485 de

192 2540 252 2603 hoc
279 2561 372 2622 opere
401 2541 596 2605 instituendo
621 2543 706 2606 inter
732 2563 765 2605 se
792 2543 1049 2619 communicasse,
1083 2542 1262 2605 convenisse
1290 2543 1374 2604 inter
1403 2561 1469 2616 eos,
1500 2545 1538 2602 nt

191 2658 407 2739 reciperentm·
435 2679 497 2722 non
524 2659 626 2723 solum
651 2681 706 2724 eae
728 2660 895 2742 epistulae,
932 2680 1011 2744 quas
1034 2658 1155 2723 Tullius
1177 2658 1329 2736 dedisset,
1365 2658 1539 2722 sedetiam

191 2796 270 2859 quas
291 2777 403 2840 missas
425 2778 611 2859 accepisset,
640 2785 710 2841 tum
733 2776 880 2842 Tironem
908 2778 1048 2861 undique
1070 2777 1223 2859 epistulas
1245 2777 1449 2858 congessisse,
1483 2775 1539 2839 sed

192 2913 229 2955 eo
256 2894 418 2973 pauciores
445 2897 585 2975 potuisse
613 2897 765 2976 reperire,
798 2917 861 2980 quo
897 2894 1099 2978 longinquius
1127 2916 1237 2958 earnm
1264 2902 1390 2976 tempus
1417 2892 1537 2970 aberat,

193 3029 291 3092 quum
324 3010 444 3074 multae
489 3013 630 3093 priorum
664 3033 820 3076 annorum
863 3014 928 3076 iam
973 3014 1060 3094 prius
1081 3067 1082 3071 ,
1100 3013 1233 3076 amissae
1269 3018 1389 3088 essent,
1441 3031 1539 3093 quam

193 3146 246 3189 eas
276 3148 427 3211 quaerere
455 3131 621 3211 coepisset,
658 3138 690 3195 et
717 3153 757 3195 ne
787 3132 821 3194 in
848 3129 1006 3194 Ciceronis
1038 3130 1166 3213 quidem
1194 3131 1315 3194 scriniis
1342 3131 1389 3193 ita
1417 3127 1537 3192 multae

192 3245 347 3327 epistulae
376 3246 418 3310 ab
447 3247 518 3311 aliis
545 3248 640 3312 datae
667 3255 793 3330 praesto
823 3255 935 3312 essent.
988 3247 1106 3312 Tamen
1132 3269 1204 3312 eum
1232 3247 1336 3310 medio
1365 3267 1447 3311 anno
1476 3251 1536 3308 710

192 3362 269 3426 satis
303 3384 451 3444 magnam
486 3365 610 3446 copiam
642 3373 824 3447 congestam
857 3365 1005 3430 habuisse
1039 3373 1135 3450 atque
1169 3386 1205 3429 eo
1233 3365 1361 3429 consilio
1388 3366 1421 3426 in
1449 3363 1537 3428 volu-

192 3480 277 3543 mina
304 3480 517 3561 distribuisse,
545 3490 582 3546 ut
605 3482 753 3548 Cicerone
774 3491 900 3547 mortuo
921 3484 1169 3564 divulgarentur.
1211 3482 1409 3552 Continuisse
1430 3489 1537 3545 autem

192 3575 252 3660 hoc
285 3599 423 3678 primum
457 3622 570 3683 corpus
603 3622 702 3685 quum
735 3601 853 3666 multas
890 3602 1041 3684 epistulas
1078 3601 1280 3683 singularias,
1317 3607 1387 3663 tum
1418 3600 1500 3680 epist
1522 3635 1537 3648 -

192 3713 295 3777 larum
322 3715 364 3779 ad
391 3715 465 3780 fam.
494 3717 593 3782 libros
619 3719 690 3782 I-
707 3719 766 3797 IX,
803 3718 925 3801 11111-
939 3720 1028 3797 XVI,
1060 3727 1156 3804 atque
1186 3720 1282 3782 etiarn
1312 3717 1429 3781 librum
1452 3716 1535 3789 xm,

192 3832 270 3895 nihil
304 3834 364 3897 nisi
396 3835 547 3916 epistulas
584 3837 855 3901 commendatitias
890 3838 1164 3922 complectentem,
1201 3858 1281 3920 quas
1319 3841 1394 3900 ante
1421 3857 1438 3899 e
1469 3842 1538 3899 tota

192 3950 400 4034 epistularum
434 3954 525 4036 copia
550 3954 704 4036 elegisset.
755 3955 836 4018 Tum
866 3955 1006 4019 Atticum
1036 3976 1055 4019 a
1082 3956 1186 4018 nescio
1216 3975 1279 4039 quo
1312 3954 1351 4017 de
1380 3952 1537 4017 Ciceronis

192 4151 236 4205 die
255 4151 313 4205 also
332 4167 421 4219 genau
439 4152 483 4205 die
505 4154 552 4208 des
571 4155 664 4208 Codex
682 4155 727 4208 ist.
747 4196 752 4207 .
772 4198 777 4208 .
797 4198 802 4208 .
820 4157 887 4209 Man
905 4157 1009 4209 konnte
1028 4155 1086 4208 sich
1103 4155 1230 4208 versucht
1248 4144 1351 4220 fiihlen,
1378 4170 1427 4206 aus
1448 4153 1537 4207 dieser

192 4237 348 4291 Thatsache
369 4237 495 4293 Schlsisse
521 4239 571 4292 auf
593 4240 637 4293 die
656 4243 708 4293 Art
734 4243 783 4294 der
800 4243 976 4309 Herausgabe
999 4241 1089 4295 dieser
1107 4240 1197 4293 Briefe
1215 4257 1249 4292 zu
1266 4239 1362 4293 ziehen
1380 4238 1436 4290 und
1456 4254 1537 4290 anzu-

192 4323 321 4390 nehmen,
345 4323 384 4378 sie
410 4324 509 4378 hatten
534 4325 577 4378 bei
596 4325 690 4378 Cicero
718 4343 806 4393 genau
829 4328 858 4380 in
882 4328 931 4381 der
949 4325 1127 4393 Reihenfolge
1152 4326 1275 4393 gelegen,
1299 4325 1350 4378 vie
1374 4339 1404 4376 er
1428 4323 1467 4376 sie
1493 4339 1537 4390 ge·

192 4408 333 4462 schrieben
351 4410 407 4462 und
423 4411 549 4464 erhalten
567 4411 647 4464 hatte
667 4416 719 4464 etc.
738 4416 790 4465 etc.

249 4514 270 4580 ¹)
293 4513 334 4566 De
359 4513 454 4566 ordine
472 4513 654 4582 epistularum
678 4515 714 4567 ad
732 4516 768 4567 M.
787 4517 904 4567 Brutum
928 4530 962 4568 ex
986 4513 1087 4567 codicis
1109 4513 1252 4581 archetypi
1279 4512 1343 4564 folio
1369 4512 1399 4563 in
1416 4490 1537 4565 alienum

191 4597 279 4649 locum
295 4598 387 4651 delato
404 4599 483 4652 valde
504 4599 617 4653 turbato
638 4599 761 4653 conferas
780 4600 808 4653 C.
827 4599 873 4652 Fr.
894 4600 1034 4653 Hermann
1052 4599 1189 4652 Abhandl.
1206 4598 1255 4651 der
1273 4597 1419 4664 Gottinger
1437 4597 1537 4650 Gesell·

192 4682 283 4736 schaft
301 4683 350 4736 der
370 4683 606 4740 wissenschaften
625 4687 691 4740 1841
712 4701 773 4753 pag.
795 4687 931 4740 161-169
950 4690 979 4738 et
997 4685 1122 4739 Schmidt
1139 4685 1156 4736 1.
1175 4700 1197 4736 c.
