3376 5070
835 136 944 195 25·

751 219 956 229 ——1-—-—-..

185 410 271 480 sumt,
304 402 359 487 qui
378 408 526 465 censeant
555 399 653 464 libros
678 397 852 462 ΙΧ-ΧΙΙ,
875 398 955 463 bene
983 417 1050 462 sese
1078 397 1268 481 excipientes
1299 402 1442 460 secutum
1461 416 1529 460 esse

187 519 302 582 librum
337 518 422 582 XIII.
453 519 605 603 epistulas
634 518 918 594 commendatitias,
956 524 1025 579 tum
1054 515 1171 578 librum
1202 514 1286 577 XIV.
1311 565 1327 592 „
1336 513 1505 579 familiares
1513 521 1529 548 “

186 637 336 721 epistulas
364 638 590 714 continentem,
618 657 712 721 porro
740 635 857 700 librum
886 634 954 698 XV.
981 635 1072 718 quasi
1099 634 1353 718 supplementum
1379 633 1528 717 priorum,

186 755 320 840 denique
342 753 465 818 Tironis
496 754 612 817 librum
638 761 770 838 propter
798 752 1019 817 verecundiam
1051 752 1141 815 illum
1169 759 1308 815 extremo
1337 750 1405 814 loco
1434 750 1529 814 collo·

186 879 300 949 catum,
330 879 387 935 aut
415 871 495 934 illud
521 873 775 957 supplementum
802 879 875 956 post
903 870 1042 955 reliquos
1070 869 1168 933 libros
1195 869 1316 933 editum
1338 889 1405 931 esse
1426 868 1529 931 dicero

186 990 310 1068 debent,
332 989 389 1068 vel,
417 990 503 1074 quod
524 991 609 1053 idem
629 997 685 1067 est,
714 988 788 1053 huic
810 988 962 1052 volumini
982 1010 1046 1052 non
1067 988 1201 1051 eandem
1220 986 1354 1050 formam
1376 986 1417 1050 ab
1439 987 1529 1049 initio

185 1109 293 1186 tuisse,
322 1115 379 1172 aut
401 1106 550 1205 Tironem
576 1109 684 1191 inepte
713 1108 820 1188 egisse.
861 1108 911 1170 An
938 1128 1001 1170 non
1027 1107 1171 1190 ineptum
1193 1111 1242 1169 est
1263 1103 1381 1166 librum
1404 1125 1423 1166 a
1444 1104 1530 1176 simi2
1649 1184 1653 1193 .

185 1225 276 1303 libus,
307 1227 362 1310 quui
389 1234 484 1290 antea
512 1226 676 1310 compositi
705 1233 795 1303 sunt,
824 1245 996 1306 segregare,
1024 1244 1217 1307 quamquam
1249 1223 1360 1286 eodem
1387 1229 1530 1306 tempore

144 1360 146 1365 '
184 1352 281 1429 atque
311 1344 420 1408 eodem
442 1344 599 1427 volumine
620 1344 765 1420 eduntur,
795 1344 842 1406 ita
862 1350 899 1406 ut
918 1342 1050 1422 vestigia
1071 1341 1212 1404 diversae
1233 1340 1360 1420 originis
1383 1339 1530 1404 facillime

184 1462 283 1526 deleri
311 1461 455 1550 possint?
496 1460 631 1538 Omitto,
660 1461 746 1545 quod
774 1462 839 1524 iam
866 1460 906 1524 ob
937 1481 1008 1524 eam
1028 1480 1096 1522 rem
1116 1465 1218 1522 totam
1237 1457 1320 1522 hanc
1341 1459 1530 1522 sententiam

184 1580 414 1664 improbamus,
450 1580 526 1663 quia
555 1578 673 1642 librum
700 1577 768 1641 XV.
798 1579 1054 1663 supplementum
1082 1598 1149 1641 esse
1175 1596 1336 1656 negamus.
1385 1575 1546 1646 Efficiam,

182 1699 242 1775 eis,
273 1719 354 1782 quae
382 1696 487 1760 adhuc
515 1697 760 1781 disputavimus,
788 1704 826 1760 ut
847 1697 907 1760 hoc
929 1696 1075 1760 volumen
1095 1715 1194 1779 quum
1215 1696 1282 1758 sine
1302 1695 1425 1768 ratione
1445 1715 1530 1757 com-

182 1817 322 1900 positum
345 1816 395 1894 sit,
424 1814 484 1879 hac
501 1815 602 1879 forma
623 1837 643 1878 a
665 1814 778 1878 Tirone
797 1836 860 1878 non
882 1815 982 1900 possit
1004 1811 1182 1899 profectum
1202 1833 1279 1876 esse.
1321 1810 1442 1896 ltaque,
1469 1811 1530 1874 nisi

181 1935 261 1998 miro
277 1934 415 2018 quodam
429 1955 504 1998 casu
521 1933 619 1997 libros
639 1933 742 1997 locum
759 1940 968 1997 commutasse
985 1931 1219 2013 sumpserimus,
1241 1929 1432 1993 alterutrum
1448 1929 1529 1992 acci-
1592 1958 1594 1962 v

182 2053 265 2116 disse
292 2042 490 2136 putabimus}
524 2058 581 2114 aut
609 2049 781 2114 conflatum
809 2070 877 2112 esse
909 2049 969 2113 hoc
996 2049 1142 2112 volumen
1168 2048 1302 2111 evariis
1329 2046 1529 2131 corpusculis

184 2176 240 2232 aut
261 2170 421 2233 continere
440 2167 591 2251 reliquias
612 2167 741 2231 maloris
760 2167 910 2250 corporis,
939 2186 1002 2251 quo
1024 2165 1178 2229 dissoluto
1198 2164 1253 2229 alii
1273 2163 1348 2227 libri
1368 2164 1528 2248 perierint,

183 2286 236 2348 alii
266 2285 453 2370 perturbato
474 2285 584 2349 ordine
605 2284 690 2370 hunc
707 2287 740 2348 in
762 2284 891 2348 modum
913 2304 980 2348 sese
1001 2284 1094 2369 quasi
1114 2282 1347 2358 coniunxerint,
1375 2290 1412 2344 ut
1433 2284 1529 2345 etiam

183 2403 279 2481 libro,
307 2404 362 2488 qui
390 2375 475 2466 nunc
495 2410 544 2467 est
565 2403 679 2467 tertius
699 2403 847 2480 decimus,
878 2402 937 2466 etsi
960 2401 1062 2466 alieno
1083 2422 1103 2465 a
1123 2400 1267 2485 reliquis,
1297 2400 1401 2463 locum
1421 2421 1529 2464 conce-

182 2522 303 2586 derent.
349 2521 491 2599 Quarum
513 2521 741 2585 sententiarum
762 2521 865 2585 altera
886 2519 942 2584 illa
962 2520 1109 2604 displicet
1116 2543 1125 2596 ;
1147 2539 1222 2582 nam
1242 2517 1361 2580 librum
1383 2516 1451 2580 XV.
1474 2538 1529 2581 vo-

183 2640 289 2704 lumen
317 2660 375 2725 per
402 2660 436 2703 se
458 2638 596 2703 effecisse
618 2639 670 2702 vix
691 2640 861 2725 quisquam
883 2637 981 2715 dicet,
1009 2637 1144 2701 alteram
1165 2656 1238 2699 vero
1258 2628 1295 2698 eo
1317 2635 1528 2699 commendari

182 2778 306 2835 censeo,
342 2757 427 2843 quod
462 2757 632 2821 nonnullae
667 2756 822 2842 epistulae
854 2756 896 2821 ab
932 2755 1072 2840 antiquis
1106 2736 1313 2838 scriptoribus
1343 2752 1528 2831 afferuntur,

183 2895 319 2958 quarum
354 2895 456 2958 neque
491 2874 617 2954 singula
643 2873 802 2938 volumina
829 2872 925 2937 fuisse
953 2874 1114 2957 ponimus,
1145 2892 1248 2955 neque
1274 2892 1346 2935 vero
1373 2872 1419 2935 eis
1446 2872 1529 2934 inter

184 2990 320 3053 sedecim
334 2989 405 3056 ,hos
434 2989 532 3054 libros
559 2991 646 3055 locus
673 2997 734 3068 est,
763 3011 842 3075 quos
873 2991 918 3054 eis
948 2989 1092 3075 epistulis
1118 2989 1251 3053 refertos
1281 3010 1349 3053 esse
1376 2989 1528 3066 volumus,

183 3128 264 3192 quae
285 3107 426 3188 singulae
444 3110 608 3194 pauciores
631 3116 729 3186 erant,
752 3129 848 3194 quam
869 3116 906 3172 ut
928 3129 1021 3172 suum
1042 3108 1188 3171 volumen
1208 3107 1377 3192 efficerent.
1415 3106 1527 3192 Itaque

182 3225 334 3289 excidisse
354 3226 508 3312 quosdam
529 3226 641 3304 libros,
669 3227 724 3312 qui
746 3248 845 3311 quum
865 3225 944 3290 alias
966 3226 1132 3310 epistulas,
1160 3234 1302 3290 tumeas
1322 3226 1528 3302 continerent,

182 3365 263 3428 qnae
290 3344 332 3408 ad
360 3343 547 3408 Hostilium¹
575 3343 711 3424 (Charis.
733 3343 758 3407 l.
786 3365 857 3430 pag.
885 3350 953 3407 110.
977 3350 994 3406 2
1017 3344 1119 3429 Keil),
1147 3345 1191 3408 ad
1209 3343 1413 3408 Marcellum²
1438 3342 1527 3427 (ibid.

182 3482 253 3545 pag.
280 3467 347 3540 108,
380 3466 440 3541 26)
472 3462 514 3526 ad
541 3462 690 3548 Pelopem
720 3463 822 3551 (Plut.
845 3484 874 3525 v.
897 3461 961 3526 Cio.
984 3461 1046 3549 24)
1073 3463 1115 3527 ad
1132 3450 1298 3525 ¹Titinium
1324 3460 1466 3548 (Sueton.
1489 3461 1529 3524 de

182 3578 264 3643 rhet.
288 3577 321 3664 2)
343 3579 438 3644 datae
458 3588 558 3658 erant,
580 3580 670 3645 facile
691 3581 888 3645 crediderim.
1141 3583 1144 3587 ’

288 3695 443 3772 Quoniam
464 3699 561 3779 igitur
583 3699 659 3762 ordo
678 3699 833 3763 librorum
853 3697 1039 3762 IX—XVI.
1062 3698 1211 3762 fortuitus
1232 3704 1289 3774 est,
1321 3704 1354 3760 et
1373 3696 1528 3781 siquidem

183 3822 268 3878 recte
295 3814 399 3878 locum
428 3816 519 3878 illum
551 3817 607 3903 (ad
629 3817 724 3880 Attio.
745 3815 829 3879 XVI.
854 3823 882 3879 b.
906 3813 939 3901 4)
962 3815 1126 3880 referimus
1148 3815 1191 3879 ad
1212 3815 1330 3878 librum
1351 3813 1435 3889 XIII,
1464 3834 1527 3877 non

183 3939 239 4010 est,
260 3941 416 4017 quantum
430 3933 528 4011 video,
548 3955 605 3998 cur
621 3933 801 3998 Ciceronem
819 3935 923 4019 ipsum
938 3933 1022 3997 huuc
1043 3933 1161 3997 librum
1177 3933 1311 3997 edidisse
1327 3952 1484 4012 negemus.

288 4050 437 4137 Reliquos
463 4059 570 4115 autem
597 4052 696 4116 libros
721 4053 764 4117 ad
790 4052 970 4137 exemplum
997 4053 1112 4137 prioris
1133 4051 1299 4116 voluminis
1319 4031 1371 4114 ita
1403 4070 1529 4134 compo—

183 4169 260 4232 sitos
273 4167 369 4233 finisse
383 4169 566 4250 colligimus,
586 4178 624 4234 ut
645 4173 797 4256 temporis
813 4171 1082 4244 rationemsecuti
1099 4170 1238 4254 primum
1253 4169 1358 4233 locum
1373 4174 1527 4244 tenerent,

183 4307 318 4370 quorum
348 4287 501 4372 epistulae
529 4296 603 4352 ante
630 4289 770 4352 medium
795 4310 914 4353 annum
945 4295 1003 4352 7111
1033 4290 1127 4352 datae
1154 4286 1216 4364 vel,
1252 4286 1339 4371 quod
1368 4286 1452 4349 idem
1481 4293 1529 4349 est

183 4405 297 4488 prioris
326 4405 519 4470 collectionis
546 4414 664 4484 essent,
699 4407 872 4470 secundum
901 4409 941 4484 ei,
976 4428 1055 4493 quos
1082 4406 1212 4470 alterius
1240 4405 1432 4469 collectionis
1461 4424 1528 4467 esse

183 4521 319 4587 diximus
341 4523 372 4587 h.
395 4545 421 4590 e.
442 4525 541 4590 libros
562 4524 600 4603 X,
631 4523 684 4604 XI,
712 4523 781 4602 XII,
809 4526 940 4589 tertium
968 4525 1101 4589 fortasse
1129 4521 1203 4587 libri
1230 4521 1474 4588 adTerentiam
1495 4528 1528 4584 et

240 4675 262 4740 ¹)
284 4678 308 4743 ²)
327 4673 360 4728 cf.
378 4675 457 4730 Nako
474 4677 539 4732 hist.
560 4677 621 4732 orit.
638 4693 700 4746 pag.
719 4681 760 4746 10,
780 4681 820 4734 11.
839 4681 896 4731 not.
914 4679 957 4744 99,
976 4679 1017 4732 23.
