3376 5070
843 137 862 197 9

750 220 955 230 —-——·

292 401 449 480 Attamen,
478 401 563 483 quod
584 403 711 483 quidem
730 404 844 469 attinet
865 403 907 467 ad
928 401 1077 485 epistulas
1096 400 1137 464 ad
1160 400 1331 477 Caesarem,
1359 400 1400 464 ad
1419 399 1517 464 Ther-

189 540 290 598 mum,
320 520 362 584 ad
383 519 547 598 Plancum,
576 520 617 584 ad
639 520 818 604 Sulpicium,
839 523 881 587 ad
903 521 1020 584 Titium
1048 519 1153 598 datas,
1181 541 1231 583 res
1259 526 1325 582 tam
1351 519 1383 580 in
1409 525 1517 600 aperto

190 644 246 718 est,
273 644 311 701 ut
338 638 544 720 explicatione
571 638 635 704 1111
663 662 724 705 non
754 663 844 722 egere
865 641 1016 704 videatur.
1059 637 1141 702 Nam
1163 639 1310 718 quoniam
1331 636 1411 700 liber
1432 634 1516 698 XIII.

190 755 269 819 nihil
292 757 439 834 continet,
465 759 525 822 nisi
545 758 695 840 epistulas
715 760 991 834 commendatitiae,
1019 778 1095 820 num
1116 756 1193 838 quid
1211 757 1283 819 miri
1307 755 1411 831 hebet,
1434 754 1517 835 quod

190 874 223 936 in
237 896 273 938 co
293 876 389 940 etiam
409 875 561 957 epistulae
586 876 1115 954 111111111111111111111111111111111Ί
1139 876 1180 939 ad
1202 874 1338 955 reliquos
1359 873 1452 938 datae
1472 873 1518 936 le·

193 1000 315 1074 guntur,
343 1014 477 1074 quorum
504 993 584 1059 aliae
607 997 758 1077 epistulae
780 1018 881 1077 neque
901 1017 973 1059 vero
996 993 1266 1058 commendatitiae
1288 994 1320 1055 in
1339 992 1409 1055 aliis
1429 991 1518 1054 libris

191 1111 293 1174 locum
317 1113 446 1176 tenent?
485 1113 584 1178 Immo
611 1136 650 1178 ne
679 1116 771 1179 vitari
800 1115 926 1197 quidem
953 1115 986 1177 id
1015 1114 1118 1196 potuit
1145 1112 1186 1176 ab
1214 1133 1263 1189 ec,
1293 1112 1347 1191 qui
1368 1110 1518 1193 epistulas

189 1228 263 1292 libri
282 1228 368 1294 XIII
387 1251 406 1294 e
426 1231 555 1312 reliquis
577 1232 680 1314 elegit.

296 1347 365 1424 Qua
384 1369 419 1413 re
440 1351 564 1430 cognita
582 1353 677 1415 etiam
699 1351 737 1414 de
758 1349 959 1414 collocatione
980 1350 1185 1431 epistularum
1206 1347 1290 1411 XIII.
1311 1354 1357 1410 lt.
1376 1352 1410 1410 16
1434 1353 1517 1410 recte

188 1465 405 1531 iudicabimus.
443 1465 524 1531 Nam
551 1471 632 1533 sicut
653 1477 685 1533 et
707 1469 859 1551 epistulae
881 1467 1152 1533 commendatitiae
1173 1474 1205 1531 et
1223 1474 1344 1531 ceterae
1366 1464 1518 1548 epistulae

189 1584 232 1647 ad
258 1584 383 1651 eosdem
409 1584 504 1650 datae
523 1587 565 1651 ad
587 1595 726 1653 nostram
747 1595 884 1651 aetatem
904 1593 1125 1669 pervenemnt,
1157 1586 1318 1650 itaetiam
1340 1585 1517 1666 111111111-

194 1701 358 1780 ciderant
378 1705 530 1786 epistulae
546 1707 826 1783 commendatitiae,
849 1705 881 1768 h.
900 1727 925 1769 1.
944 1705 1016 1768 libri
1040 1705 1125 1768 tertii
1145 1703 1264 1781 decimi,
1287 1725 1349 1768 non
1361 1704 1517 1785 perirent,

189 1820 327 1903 reliquae
348 1843 435 1901 vero,
464 1845 544 1905 quac
572 1825 614 1890 ad
642 1826 775 1889 eundem
797 1831 884 1901 sunt,
912 1824 954 1888 ad
976 1831 1148 1887 extremam
1170 1843 1276 1886 omnes
1298 1822 1407 1886 eadem
1428 1822 1519 1883 11111

188 1941 340 2021 perirent,
369 1962 433 2023 qua
459 1949 509 2007 tot
538 1943 616 2008 alias
642 1944 760 2025 perisse
787 1944 956 2024 querimur.
999 1941 1084 2006 Haec
1111 1943 1207 2022 igitur
1229 1962 1296 2005 sors
1317 1939 1376 2004 1111
1400 1941 1518 2021 epistu-

188 2057 290 2122 larum
317 2059 359 2123 ad
380 2059 570 2125 Caesarem.¹
621 2061 711 2138 Quod
738 2082 811 2125 vero
841 2069 966 2143 praeter
993 2060 1143 2142 epistulas
1173 2059 1257 2122 XIII.
1284 2067 1330 2122 le.
1356 2065 1392 2121 16
1423 2060 1518 2121 etiam

190 2176 272 2240 libro
291 2175 361 2240 VH.
385 2183 431 2257 (ὁ)
460 2199 524 2267 una
551 2180 594 2243 ad
615 2178 779 2244 Caesarem
806 2179 880 2243 data
909 2186 1032 2242 servata
1061 2185 1121 2255 est,
1151 2178 1211 2242 hoc
1232 2177 1310 2240 nihil
1332 2184 1442 2241 contra
1463 2197 1519 2239 nos

190 2292 301 2372 efficit3
331 2303 462 2360 namet
488 2296 567 2360 haec
593 2298 845 2362 commendatitia
876 2296 1025 2361 collocata
1045 2304 1093 2361 est
1114 2304 1187 2360 ante
1209 2295 1358 2378 epistulas
1380 2295 1422 2359 ad
1443 2294 1519 2358 Tre-

190 2411 313 2475 batium
334 2413 432 2492 datas,
453 2415 600 2480 nimirum
620 2437 657 2481 aa
679 2416 718 2480 de
740 2438 841 2493 causa,
869 2418 944 2497 quia
965 2415 1132 2481 Trebatius
1157 2415 1216 2479 hac
1238 2414 1373 2497 epIstula
1394 2413 1519 2478 Caesari

191 2531 437 2610 commendam,
466 2533 509 2597 ad
535 2555 627 2614 quem
655 2542 731 2598 tuuc
757 2534 953 2617 profecturus
981 2541 1049 2599 erat
1080 2542 1112 2598 et
1141 2535 1173 2597 in
1201 2535 1288 2598 cuius
1311 2535 1422 2597 castris
1445 2532 1519 2595 inde

188 2649 381 2714 versabatur.
424 2649 479 2716 Sin
506 2673 578 2717 vero
605 2654 767 2717 consilium
795 2654 954 2735 quoddam
983 2654 1112 2718 editoris
1138 2673 1304 2734 agnoscere
1333 2651 1420 2729 nolis,
1452 2672 1518 2714 rem

188 2773 283 2831 etiam
304 2769 348 2833 sIc
370 2769 525 2852 explicare
546 2770 627 2849 licet,
658 2779 695 2835 ut
714 2793 874 2836 sumamus
896 2771 1078 2837 Trebatium
1099 2772 1192 2836 simul
1215 2793 1286 2836 cum
1308 2773 1352 2835 eis
1377 2770 1519 2852 epistulis

189 2905 268 2965 quas
297 2908 316 2951 a
336 2886 482 2953 Cicerone
509 2891 693 2971 accepisset,
721 2890 893 2955 reddidisse
915 2893 1010 2955 etiam
1032 2890 1114 2955 hanc
1134 2890 1298 2973 epistulam
1322 2888 1519 2953 commenda-

191 3004 360 3070 1111111111
380 3008 445 3071 eius
468 3007 651 3090 exemplum,
672 3009 823 3073 editorem
843 3016 949 3073 autom
970 3011 1122 3091 recepisse
1144 3009 1294 3091 epistulas
1314 3010 1346 3071 in
1362 3008 1520 3073 volumina

190 3121 277 3186 nulla
304 3128 480 3206 argumenti
501 3128 622 3191 ratione
643 3127 753 3191 habita
773 3129 882 3191 eodem
902 3129 1023 3206 ordine,
1053 3149 1115 3209 quo
1136 3150 1189 3193 eas
1208 3129 1386 3209 accepisset.
1427 3125 1520 3190 Valet

189 3242 272 3304 enim
299 3263 349 3306 me
374 3244 475 3309 iudice
499 3245 538 3309 de
568 3245 768 3310 collocatione
796 3246 948 3329 epistulae
970 3245 1037 3310 VII.
1069 3254 1086 3309 11
1116 3247 1199 3310 idem
1232 3221 1328 3327 111111
1362 3245 1447 3326 quod
1480 3244 1520 3309 de

189 3360 324 3442 epistula
350 3361 405 3426 illa
426 3362 462 3426 V.
487 3369 513 3442 9,
545 3363 587 3428 ad
608 3364 790 3446 Pompeium
818 3365 906 3443 data,
939 3372 975 3428 ut
1008 3386 1071 3429 non
1098 3373 1165 3430 tam
1191 3365 1397 3447 explicatione
1424 3384 1520 3445 quam

168 3468 386 3544 ‘excusatione
407 3489 527 3564 egeant.
564 3482 694 3565 Saepius
716 3485 798 3547 enim
819 3484 970 3548 recedunt
990 3506 1010 3547 1
1028 3491 1114 3549 certa
1130 3484 1336 3567 epistularum
1352 3483 1519 3564 disponen-

189 3595 301 3660 darum
328 3600 436 3681 regula
462 3622 525 3665 non
547 3601 647 3665 solum
668 3623 723 3666 eae
742 3603 907 3684 epistulae,
935 3625 1015 3684 quae
1038 3624 1229 3684 quamquam
1250 3610 1334 3667 recte
1356 3604 1389 3665 in
1411 3601 1520 3665 eodem

188 3714 270 3779 libro
291 3716 360 3782 aliis
383 3719 524 3800 epistulis
545 3721 715 3785 interiectis
736 3721 884 3802 leguntur
906 3721 975 3806 (III.
1000 3729 1017 3783 ὁ
1040 3730 1072 3785 11
1097 3728 1151 3799 12;
1173 3722 1242 3786 XII.
1265 3727 1386 3786 ltu-61
1408 3720 1518 3799 1165),

189 3834 244 3898 sed
272 3836 367 3900 etiam
389 3836 490 3916 Cassi,
521 3837 669 3917 Treboni,
697 3839 836 3904 Marcelli
868 3840 1032 3921 epistulae,
1061 3861 1159 3921 quum
1188 3842 1219 3904 in
1240 3841 1324 3904 binis
1344 3840 1433 3904 libris
1454 3837 1519 3901 dis-

189 3954 308 4035 positae
336 3956 407 4019 sint.
455 3955 578 4037 1111111,
614 3966 650 4022 11
677 3979 715 4022 ex
743 3958 843 4022 altero
871 3957 951 4022 libro
978 3958 1185 4040 epistularum
1212 3959 1253 4023 ad
1281 3958 1354 4023 11111.
1378 3959 1410 4020 11
1440 3956 1518 4020 1111-

187 4092 266 4150 rum,
294 4073 340 4138 ita
361 4076 463 4139 exeis
484 4074 581 4154 libris,
608 4079 661 4158 qui
683 4098 766 4140 nunc
785 4077 913 4157 quidem
934 4077 1039 4141 amissi
1060 4085 1142 4155 sunt,
1167 4085 1261 4142 antea
1282 4098 1354 4141 vero
1377 4097 1448 4139 cum
1469 4073 1519 4138 his

188 4191 417 4271 quodammodo
438 4195 594 4259 coniuncti
616 4203 720 4273 erant,
747 4195 826 4258 duas
847 4196 880 4257 in
902 4196 1080 4259 universum
1103 4195 1253 4279 epistulas
1273 4196 1307 4258 in
1327 4195 1387 4258 hoc
1408 4214 1519 4275 corpus

188 4309 348 4392 irrepsisse
369 4311 459 4376 facile
480 4314 674 4378 crediderim.
712 4313 798 4390 Quae
819 4334 913 4377 causa
933 4313 1026 4378 huius
1047 4315 1093 4377 rei
1114 4313 1208 4377 fuerit
1229 4313 1289 4377 hoc
1307 4313 1374 4377 loco
1390 4332 1518 4376 accura-

245 4496 265 4561 1)
291 4499 320 4548 11
344 4495 426 4548 simili
444 4498 551 4552 ratione
570 4499 749 4566 epistularum
768 4499 802 4550 ad
821 4498 857 4549 M.
878 4499 1001 4564 Brutum,
1020 4513 1133 4565 quarum
1151 4503 1261 4565 praeter
1280 4495 1518 4550 commendatitias

188 4580 319 4648 epistulas
333 4581 405 4635 XIII.
423 4587 522 4638 10—14
536 4585 589 4637 duo
608 4588 717 4637 tantum
736 4582 800 4635 libri
817 4583 853 4635 ad
871 4586 993 4635 nostram
1012 4587 1133 4637 aetatem
1153 4587 1339 4651 pervenerunt.
1369 4582 1402 4636 cf.
1424 4585 1452 4636 C.
1472 4581 1516 4638 Fr.

188 4666 326 4720 Hermann
345 4667 362 4719 l.
380 4686 402 4721 c.
420 4686 480 4737 pag.
499 4672 539 4725 20.
