3376 5070
243 393 249 415 ’
333 387 483 460 Moeram.
497 389 699 468 epistularum
717 389 870 459 88118881
893 383 1070 472 συναγωγὴ,
1092 384 1146 456 aad
1171 382 1353 455 7881811188
1376 385 1491 453 t'astos¹

335 507 542 588 septemtrio.
571 515 598 575 ct
626 478 845 585 cataractam
874 523 894 567 a
920 504 1120 586 squaedam
1142 502 1317 573 cumaeae.
1359 499 1421 565 Eas
1439 519 1496 580 epo

332 635 452 704 eportet
472 623 666 704 perspiciam,
689 623 865 703 corripere:
888 631 954 685 tuas
970 621 1104 702 denique
1123 622 1263 690 sacoma.

272 740 340 816 lam
368 741 396 804 si
423 714 626 820 quaecunque
653 740 687 801 in
709 738 760 811 his
781 737 884 813 verbis
906 745 980 802 sunt
999 759 1072 813 eum
1093 737 1175 812 libro
1195 729 1282 811 XIII.
1304 735 1497 814 conferimus,

169 859 332 942 aptissime
354 879 421 927 esse
442 856 589 933 adhunc
609 856 727 929 librum
747 863 895 938 apparet:
1070 934 1072 938 .
1126 864 1129 869 ’
1234 946 1236 950 Ι
1425 925 1427 929 ,
1528 865 1529 869 ’

271 977 296 1053 I.
327 977 418 1056 Quod
446 975 552 1043 Cicero
583 982 678 1056 negat
716 995 843 1051 suarum
877 973 1178 1055 1118181888818888
1206 971 1404 1059 συναγωγὴν,
1441 972 1500 1036 hoc
1539 1055 1544 1064 ι

170 1097 270 1169 888818
297 1117 339 1171 88
367 1097 435 1159 iuro
464 1092 618 1165 referatur
638 1095 680 1158 ad
708 1094 826 1169 librum
846 1091 930 1169 XIII,
951 1092 1105 1172 siquidem
1126 1092 1247 1172 antiqui
1271 1090 1424 1156 >uocabulo
1444 1090 1500 1166 illo

170 1235 282 1297 corpus
308 1213 469 1295 quoddam
490 1214 540 1276 via
568 1233 605 1276 ao
631 1213 752 1277 ratione
781 1211 988 1293 compositum
1013 1209 1188 1290 significare
1215 1208 1393 1286 solebaut3i
1426 1229 1501 1283 nam

170 1334 225 1415 qui
252 1332 312 1398 has
337 1331 488 1414 epistulas
516 1330 786 1405 commendatitias
814 1330 938 1410 collegit
964 1349 1065 1410 88888
1085 1328 1127 1405 ad
1151 1335 1289 1411 tempus,
1322 1349 1385 1409 quo
1407 1328 1500 1392 datae

170 1457 245 1527 sunt
266 1470 368 1531 neque
384 1449 426 1521 ad
443 1448 556 1526 aliud
576 1448 955 1531 argumentum'respexit,
977 1453 1102 1529 praeter
1124 1467 1219 1528 quarn
1232 1453 1269 1519 ut
1283 1467 1343 1524 888,
1365 1467 1446 1527 quae
1460 1447 1501 1515 od

172 1567 306 1645 amdam
326 1574 408 1647 8881,
424 1574 635 1649 componeret.

275 1685 315 1755 11.
345 1685 436 1765 quod
456 1685 537 1749 dixit
558 1685 703 1750 Tironem
724 1684 841 1761 hahere
862 1685 943 1750 circa
963 1684 1162 1765 septuaginta
1183 1684 1335 1765 epistulas
1357 1684 1501 1751 convenit

176 1804 239 1868 iere
261 1825 330 1869 oum
349 1825 478 1869 numero
497 1804 703 1887 epistularum
724 1802 797 1865 libri
818 1801 902 1881 XIII,
924 1823 1005 1882 quae
1026 1809 1101 1867 sunt
1121 1802 1372 1884 undeoctoginta.

274 1921 330 1995 ΙΙΙ.
354 1921 486 2006 Scripsit
500 1922 607 1988 Cicero
629 1922 706 1987 haec
727 1920 823 1991 verba
843 1942 871 1985 a.
888 1921 918 1993 d.
933 1919 1001 1995 VII.
1023 1918 1099 1997 Idus
1111 1919 1287 1998 ,Quinctiles
1310 1924 1378 1997 710,
1400 1939 1501 1999 neque

171 2040 238 2106 ulla
253 2018 312 2106 μ881
338 2041 475 2124 epistula
502 2041 575 2116 libri
605 2040 689 2119 ΧΙΙΙ,
717 2059 798 2121 quae
824 2046 896 2121 post
917 2039 1007 2128 ,hunc
1036 2039 1205 2115 terminum
1232 2039 1307 2115 data
1335 2039 1377 2103 sit
1384 2063 1393 2116 3
1429 2058 1503 2114 nam

96 2131 113 2213 s
172 2159 308 2242 epistula
337 2165 389 2237 50,
424 2160 509 2239 quod
535 2160 577 2223 ad
604 2167 730 2240 tempus
756 2159 871 2223 attinet
899 2158 1037 2222 omnium
1064 2157 1191 2235 ultima,
1224 2140 1330 2221 mense
1357 2155 1502 2230 Ianuario

173 2277 311 2345 eiusdem
334 2279 409 2342 anni
438 2277 611 2347 (1818881.3
656 2275 766 2358 Neque
792 2283 952 2354 corceat,
984 2296 1040 2339 cur
1067 2296 1130 2341 non
1156 2276 1252 2339 etiam
1273 2297 1329 2340 888
1350 2254 1502 2358 epistulae

174 2395 443 2463 commendatitiae
464 2397 497 2459 in
517 2395 577 2471 hoc
598 2396 743 2461 volumen
764 2403 907 2477 receptae
928 2395 1005 2472 sint,
1033 2415 1112 2474 quas
1135 2392 1241 2459 Cicero
1263 2394 1336 2458 inde
1358 2416 1378 2459 a
1397 2414 1503 2460 mense

176 2512 321 2592 Quinctili
354 2515 448 2585 huius
475 2515 549 2581 anni
576 2535 676 2595 usque
706 2513 748 2578 ad
779 2513 950 2578 discessum
979 2534 1071 2577 suum
1099 2512 1238 2595 scripsit,
1273 2514 1334 2577 nisi
1360 2513 1503 2595 ponimus

172 2633 274 2698 medio
288 2626 290 2630 ⁸
303 2656 385 2699 anno
417 2638 476 2698 710
505 2633 577 2698 hoc*
591 2633 739 2697 volumen¹
762 2633 788 2695 si
815 2653 878 2696 non
906 2631 1038 2710 editum,
1073 2639 1179 2696 tamen
1209 2631 1381 2715 perfectum
1408 2637 1504 2712 atque

76 2752 80 2760 '
173 2752 350 2817 absolutum
379 2773 454 2816 esse.
501 2751 632 2817 Dedisse
661 2758 768 2816 autam
796 2750 975 2827 Ciceronem
1003 2752 1098 2815 etiam
1125 2757 1197 2833 post
1225 2751 1310 2815 huno
1336 2751 1504 2815 terminum

174 2869 325 2948 epistulas
346 2851 615 2936 commendatitias
636 2891 676 2932 ne
696 2870 767 2950 quis
787 2876 886 2950 neget,
907 2869 1055 2950 respiciat
1069 2868 1220 2951 epistulas
1234 2868 1276 2932 ed
1296 2868 1368 2933 fam.
1384 2868 1438 2932 XI.
1459 2873 1504 2945 17,

176 3002 281 3046 mense
310 2982 418 3062 Mami
449 2984 503 3062 XI.
534 2990 572 3059 12
606 2986 688 3051 circa
722 2986 801 3065 Non.
831 2987 953 3060 Iunias³
987 2993 1055 3066 711,
1083 2986 1152 3055 XII.
1182 2991 1220 3050 26
1249 2994 1282 3051 et
1309 2992 1348 3051 27
1377 2988 1504 3058 incertis

175 3099 334 3165 mensibus
357 3106 424 3181 710,
449 3101 519 3179 XII.
543 3109 581 3168 29
608 3125 715 3169 mense
734 3106 837 3188 Aprili
859 3110 915 3170 711
940 3105 1039 3183 datas,
1069 3105 1184 3187 quibus
1212 3079 1417 3171 adndmerare
1439 3127 1501 3170 non

100 3292 105 3298 ,
175 3217 285 3284 dubito
309 3220 460 3303 epistulas
481 3222 523 3289 ad
544 3221 585 3295 M.
607 3222 743 3287 Brutum
763 3224 787 3287 1.
813 3229 901 3302 1-7,
925 3229 942 3287 8
966 3224 1061 3288 etiam
1081 3223 1242 3289 hosanna
1266 3229 1322 3288 711
1347 3224 1447 3289 datas.

276 3335 329 3401 IV.
351 3337 399 3403 Ne
419 3341 569 3405 miremur
593 3342 743 3424 epistrssas
764 3342 1032 3411 commendatitias
1054 3341 1096 3406 ad
1115 3342 1256 3416 Atticum
1277 3343 1368 3408 datas
1387 3344 1421 3406 in
1442 3341 1503 3409 hoc

172 3455 252 3521 libro
281 3478 343 3522 non
363 3461 507 3541 reperiri,
540 3481 733 3542 quamquam
757 3460 878 3537 Cicero,
915 3461 1107 3537 sinostram
1128 3462 1316 3526 sententiam
1336 3462 1503 3543 sequimur,

174 3592 206 3635 88
232 3595 284 3638 eas
312 3585 512 3659 recepturum
539 3599 606 3643 esse
635 3579 792 3661 promisit,
821 3600 980 3643 sumamus
1007 3600 1130 3645 neeesse
1161 3588 1209 3645 est
1238 3581 1302 3645 sive
1326 3579 1504 3655 Ciceronem

196 3840 198 3842 .
229 3759 250 3826 Ι)
275 3758 308 3811 18
325 3760 395 3814 Med.
412 3766 468 3815 est:
487 3762 574 3817 initar
595 3793 627 3802 -
645 3761 779 3830 Equidem
796 3793 831 3802 —
849 3764 986 3817 sumenda.
1025 3764 1128 3819 Eodem
1145 3764 1329 3818 modolamo.
1345 3765 1377 3819 R.
1392 3765 1502 3820 r.1.10.

167 3844 251 3897 'verbo
269 3844 359 3899 instar
380 3845 424 3914 (==
442 3846 524 3916 circa)
549 3842 613 3902 8888
630 3852 686 3901 est:
709 3849 742 3900 In
760 3865 828 3916 quae
846 3849 982 3903 volumina
1000 3850 1033 3904 de
1052 3851 1164 3905 Graecis
1187 3850 1264 3905 libris
1282 3866 1336 3904 non
1354 3866 1449 3918 pauca,
1475 3854 1503 3904 81

173 3928 206 3982 de
223 3929 348 3997 Magonis
365 3931 482 3999 dempsit
499 3932 589 3987 instar
606 3933 736 3991 librorum
754 3939 822 3988 octo.

224 4030 249 4097 ²)
274 4033 307 4086 cf.
325 4033 434 4104 Dionys.
452 4035 485 4087 A.
502 4034 535 4088 R.
553 4035 587 4088 Π.
605 4039 646 4091 27.
666 4053 760 4107 currey.
782 4041 838 4094 τῶν
861 4035 964 4109 νόμων.
1001 4039 1072 4093 Plut.
1091 4040 1158 4093 Mor.
1175 4055 1235 4107 pag.
1255 4041 1329 4094 1131.
1347 4038 1378 4092 F.
1406 4052 1503 4107 συναγ.

173 4121 228 4173 τῶν
255 4119 286 4171 ἐν
309 4122 438 4194 μουσικῇ.
480 4120 637 4188 Phlegontis
665 4123 765 4191 Tralli,
795 4122 1002 4196 ὀλυμπιονικῶν
1024 4129 1068 4176 καὶ
1095 4127 1237 4194 χρονικῶν
1261 4140 1356 4194 envoy.
1395 4123 1503 4193 (Maller

147 4290 149 4296 ³
171 4202 221 4270 irg.
239 4203 303 4258 hist.
321 4204 366 4258 Gr.
384 4205 432 4266 III.
449 4221 509 4274 pag.
530 4208 599 4274 602.)
617 4207 731 4263 Aristot.
751 4225 846 4279 curcy.
865 4212 977 4283 τεχνῶν.

225 4307 248 4375 ⁸)
273 4308 350 4362 Nihil
378 4309 413 4367 ad
437 4325 509 4377 rem,
536 4311 607 4378 quod
630 4311 660 4363 in
684 4313 741 4367 cod.
764 4313 835 4371 Med.
859 4313 903 4380 (cf.
928 4315 969 4367 ed.
992 4313 1096 4369 Baiter.
1121 4311 1171 4369 rol.
1188 4310 1233 4364 IX.
1257 4327 1318 4378 pag.
1335 4311 1415 4379 LIV.)
1435 4314 1496 4378 post

171 4392 317 4461 epistulam
334 4397 366 4448 77
386 4396 456 4449 duae
473 4397 634 4465 traduntur,
659 4414 728 4465 quae
754 4402 817 4451 sunt
841 4399 941 4459 mensis
958 4399 1061 4467 Aprilis
1086 4401 1135 4454 711
1154 4401 1183 4459 81
1201 4397 1300 4460 incerti
1323 4397 1499 4464 8188818711),

172 4495 235 4532 nam
255 4497 335 4548 quum
354 4481 410 4535 iam
426 4481 456 4534 in
473 4482 542 4537 libro
555 4484 614 4537 XII.
628 4485 696 4552 (epp.
709 4486 743 4538 29
756 4487 785 4536 81
799 4485 842 4549 21)
862 4485 996 4552 legantur,
1015 4485 1078 4538 inde
1092 4499 1139 4539 888
1152 4482 1286 4550 repetitas
1299 4498 1356 4536 esse
1374 4487 1502 4550 apparet3

171 4565 298 4619 Ceterum
322 4567 445 4635 religiose
469 4569 604 4636 provisum
627 4574 683 4636 est,
713 4585 747 4623 na
771 4585 824 4636 que
848 4569 981 4637 epistula,
1007 4585 1076 4638 quae
1101 4572 1142 4624 ost
1167 4567 1196 4632 in
1219 4567 1288 4629 libro
1312 4568 1386 4634 XIII,
1410 4568 1503 4632 eodem

170 4652 290 4720 exemplo
308 4652 337 4705 in
355 4654 409 4707 alio
427 4655 542 4722 quodam
559 4655 628 4709 libro
645 4656 787 4723 legeretur.
1148 4671 1153 4685 ·
1356 4672 1362 4683 .
